
</collection>
<collection xmlns="http://www.loc.gov/MARC21/slim">
<record>
  <controlfield tag="001">2205231</controlfield>
  <controlfield tag="005">20210329093041.0</controlfield>
  <datafield tag="024" ind1="8" ind2=" ">
    <subfield code="a">oai:cds.cern.ch:2205231</subfield>
    <subfield code="q">cerncds:MEMORIAV</subfield>
  </datafield>
  <datafield tag="088" ind1=" " ind2=" ">
    <subfield code="9">CERN-FILM-B6</subfield>
  </datafield>
  <datafield tag="245" ind1=" " ind2=" ">
    <subfield code="a">Romabau</subfield>
  </datafield>
  <datafield tag="260" ind1=" " ind2=" ">
    <subfield code="c">1986</subfield>
  </datafield>
  <datafield tag="260" ind1=" " ind2=" ">
    <subfield code="9">review Mar2021</subfield>
    <subfield code="c">1986</subfield>
    <subfield code="8">a</subfield>
  </datafield>
  <datafield tag="260" ind1=" " ind2=" ">
    <subfield code="9">review Mar2021</subfield>
    <subfield code="c">1986</subfield>
    <subfield code="8">b</subfield>
  </datafield>
  <datafield tag="269" ind1=" " ind2=" ">
    <subfield code="c">1986-04-04</subfield>
  </datafield>
  <datafield tag="300" ind1=" " ind2=" ">
    <subfield code="a">00:46:00</subfield>
  </datafield>
  <datafield tag="337" ind1=" " ind2=" ">
    <subfield code="a">Video</subfield>
  </datafield>
  <datafield tag="340" ind1=" " ind2=" ">
    <subfield code="a">U-matic</subfield>
  </datafield>
  <datafield tag="500" ind1=" " ind2=" ">
    <subfield code="a">The video was digitized from its original recording as part of the CERN Digital Memory project</subfield>
  </datafield>
  <datafield tag="508" ind1="1" ind2=" ">
    <subfield code="9">review Mar2021</subfield>
    <subfield code="8">a</subfield>
    <subfield code="a">J.C.Brunet, J.C.Vialis</subfield>
  </datafield>
  <datafield tag="508" ind1="1" ind2=" ">
    <subfield code="9">review Mar2021</subfield>
    <subfield code="8">b</subfield>
    <subfield code="a">J.C.Brunet, J.C.Vialis</subfield>
  </datafield>
  <datafield tag="514" ind1=" " ind2=" ">
    <subfield code="a">Low RF, noisy picture -  Video tracking issue -  </subfield>
  </datafield>
  <datafield tag="514" ind1=" " ind2=" ">
    <subfield code="a">Low RF, noisy picture -  </subfield>
  </datafield>
  <datafield tag="520" ind1=" " ind2=" ">
    <subfield code="9">review Mar2021</subfield>
    <subfield code="8">a</subfield>
    <subfield code="a">Roma-Bau Sa Entreprise de construction au Luxembourg: special industrial production</subfield>
  </datafield>
  <datafield tag="520" ind1=" " ind2=" ">
    <subfield code="9">review Mar2021</subfield>
    <subfield code="8">b</subfield>
    <subfield code="a">Roma-Bau Sa Entreprise de construction au Luxembourg: special industrial production</subfield>
  </datafield>
  <datafield tag="542" ind1=" " ind2=" ">
    <subfield code="d">CERN</subfield>
    <subfield code="g">1986</subfield>
  </datafield>
  <datafield tag="542" ind1="1" ind2=" ">
    <subfield code="9">review Mar2021</subfield>
    <subfield code="d">CERN</subfield>
  </datafield>
  <datafield tag="583" ind1="1" ind2=" ">
    <subfield code="i">CREATE-MARC-run20180619_1514</subfield>
    <subfield code="a">digitized</subfield>
    <subfield code="2">pda</subfield>
    <subfield code="f">CERN Digital Memory Project</subfield>
    <subfield code="k">PICTURAE</subfield>
    <subfield code="u">https://cds.cern.ch/record/2257246</subfield>
    <subfield code="5">SzGeCERN</subfield>
    <subfield code="6">WEEK44-public</subfield>
    <subfield code="b">C1V1: Composite\tSignal - U-Matic,\xc2\xa0U-Matic SP,\xc2\xa0VHS, 1 inch C, 1 inch B, Video , Betamax </subfield>
    <subfield code="8">a</subfield>
    <subfield code="3"> U-Matic </subfield>
    <subfield code="f">public</subfield>
    <subfield code="z">
 - VISUAL INSPECTION TABLE of U-Matic () true  - 
 - RTI VT 3100 of U-Matic () true  - 
 - MAC-V021 of U-Matic () false Video tracking issue - 
 - OVEN of U-Matic () true  - 
 - MAC-V025 of U-Matic () true Low RF, noisy picture - 
 - MANUAL QC GEN of U-Matic () true  - 
 - FILE_PRESENCE of U-Matic () true  - 
      </subfield>
    <subfield code="x">
 - VISUAL INSPECTION TABLE timing: from 16/10/2017 10:07 to 16/10/2017 10:07 -
 - RTI VT 3100 timing: from 16/10/2017 10:08 to 16/10/2017 11:02 -
 - MAC-V021 timing: from 16/10/2017 18:13 to 16/10/2017 18:14 -
 - OVEN timing: from 17/10/2017 10:45 to 18/10/2017 16:25 -
 - MAC-V025 timing: from 19/10/2017 14:32 to 19/10/2017 15:27 -
 - MANUAL QC GEN timing: from 19/10/2017 22:00 to 19/10/2017 22:00 -
 - FILE_PRESENCE timing: from 19/10/2017 22:00 to 19/10/2017 22:00 -
       </subfield>
    <subfield code="c">20171019</subfield>
  </datafield>
  <datafield tag="583" ind1="1" ind2=" ">
    <subfield code="i">CREATE-MARC-run20180619_1514</subfield>
    <subfield code="a">digitized</subfield>
    <subfield code="2">pda</subfield>
    <subfield code="f">CERN Digital Memory Project</subfield>
    <subfield code="k">PICTURAE</subfield>
    <subfield code="u">https://cds.cern.ch/record/2257246</subfield>
    <subfield code="5">SzGeCERN</subfield>
    <subfield code="6">WEEK44-public</subfield>
    <subfield code="b">C1V1: Composite\tSignal - U-Matic,\xc2\xa0U-Matic SP,\xc2\xa0VHS, 1 inch C, 1 inch B, Video , Betamax </subfield>
    <subfield code="8">b</subfield>
    <subfield code="3"> U-Matic </subfield>
    <subfield code="f">public</subfield>
    <subfield code="z">
 - VISUAL INSPECTION TABLE of U-Matic () true  - 
 - RTI VT 3100 of U-Matic () true  - 
 - MAC-V026 of U-Matic () true Low RF, noisy picture - 
 - MANUAL QC GEN of U-Matic () true  - 
 - FILE_PRESENCE of U-Matic () true  - 
      </subfield>
    <subfield code="x">
 - VISUAL INSPECTION TABLE timing: from 16/10/2017 09:38 to 16/10/2017 09:38 -
 - RTI VT 3100 timing: from 16/10/2017 10:03 to 16/10/2017 10:06 -
 - MAC-V026 timing: from 16/10/2017 10:40 to 16/10/2017 11:16 -
 - MANUAL QC GEN timing: from 16/10/2017 21:01 to 16/10/2017 21:01 -
 - FILE_PRESENCE timing: from 16/10/2017 21:01 to 16/10/2017 21:01 -
       </subfield>
    <subfield code="c">20171016</subfield>
  </datafield>
  <datafield tag="583" ind1="1" ind2=" ">
    <subfield code="i">CREATE-MARC-run20180619_1514</subfield>
    <subfield code="a">digitized</subfield>
    <subfield code="2">pda</subfield>
    <subfield code="f">CERN Digital Memory Project</subfield>
    <subfield code="k">PICTURAE</subfield>
    <subfield code="u">https://cds.cern.ch/record/2257246</subfield>
    <subfield code="5">SzGeCERN</subfield>
    <subfield code="6">WEEK44-public</subfield>
    <subfield code="b">C1V1: Composite\tSignal - U-Matic,\xc2\xa0U-Matic SP,\xc2\xa0VHS, 1 inch C, 1 inch B, Video , Betamax </subfield>
    <subfield code="8">c</subfield>
    <subfield code="3"> U-Matic </subfield>
    <subfield code="f">public</subfield>
    <subfield code="z">
 - VISUAL INSPECTION TABLE of U-Matic () true  - 
 - RTI VT 3100 of U-Matic () true  - 
 - MAC-V025 of U-Matic () true Low RF, noisy picture - 
 - MANUAL QC GEN of U-Matic () true  - 
 - FILE_PRESENCE of U-Matic () true  - 
      </subfield>
    <subfield code="x">
 - VISUAL INSPECTION TABLE timing: from 16/10/2017 10:09 to 16/10/2017 10:09 -
 - RTI VT 3100 timing: from 16/10/2017 10:35 to 16/10/2017 10:35 -
 - MAC-V025 timing: from 16/10/2017 14:01 to 16/10/2017 15:08 -
 - MANUAL QC GEN timing: from 16/10/2017 23:34 to 16/10/2017 23:34 -
 - FILE_PRESENCE timing: from 16/10/2017 23:34 to 16/10/2017 23:34 -
       </subfield>
    <subfield code="c">20171016</subfield>
  </datafield>
  <datafield tag="583" ind1="1" ind2=" ">
    <subfield code="i">CREATE-MARC-run20180619_1514</subfield>
    <subfield code="a">digitized</subfield>
    <subfield code="2">pda</subfield>
    <subfield code="f">CERN Digital Memory Project</subfield>
    <subfield code="k">PICTURAE</subfield>
    <subfield code="u">https://cds.cern.ch/record/2257246</subfield>
    <subfield code="5">SzGeCERN</subfield>
    <subfield code="6">WEEK44-public</subfield>
    <subfield code="b">C1V1: Composite\tSignal - U-Matic,\xc2\xa0U-Matic SP,\xc2\xa0VHS, 1 inch C, 1 inch B, Video , Betamax </subfield>
    <subfield code="8">d</subfield>
    <subfield code="3"> U-Matic </subfield>
    <subfield code="f">public</subfield>
    <subfield code="z">
 - VISUAL INSPECTION TABLE of U-Matic () true  - 
 - RTI VT 3100 of U-Matic () true  - 
 - MAC-V026 of U-Matic () true Low RF, noisy picture - 
 - MANUAL QC GEN of U-Matic () true  - 
 - FILE_PRESENCE of U-Matic () true  - 
      </subfield>
    <subfield code="x">
 - VISUAL INSPECTION TABLE timing: from 20/10/2017 10:17 to 20/10/2017 10:17 -
 - RTI VT 3100 timing: from 20/10/2017 10:19 to 20/10/2017 15:29 -
 - MAC-V026 timing: from 23/10/2017 09:34 to 23/10/2017 10:10 -
 - MANUAL QC GEN timing: from 23/10/2017 21:10 to 23/10/2017 21:10 -
 - FILE_PRESENCE timing: from 23/10/2017 21:10 to 23/10/2017 21:10 -
       </subfield>
    <subfield code="c">20171023</subfield>
  </datafield>
  <datafield tag="583" ind1="1" ind2=" ">
    <subfield code="2">pda</subfield>
    <subfield code="5">SzGeCERN</subfield>
    <subfield code="a">digitized</subfield>
    <subfield code="c">202103</subfield>
    <subfield code="f">CERN Digital Memory Project</subfield>
    <subfield code="i">OPEN-REFINE Project Mar2021 New HDD</subfield>
    <subfield code="k">PICTURAE</subfield>
    <subfield code="u">https://cds.cern.ch/record/2257246</subfield>
  </datafield>
  <datafield tag="583" ind1="1" ind2=" ">
    <subfield code="3">U-Matic</subfield>
    <subfield code="b">C1V1</subfield>
    <subfield code="n">32,3933333333333</subfield>
    <subfield code="o">minutes</subfield>
    <subfield code="x">Video tracking issue</subfield>
    <subfield code="8">a</subfield>
  </datafield>
  <datafield tag="583" ind1=" " ind2=" ">
    <subfield code="a">curation</subfield>
    <subfield code="c">Decembre 2020</subfield>
    <subfield code="8">a</subfield>
    <subfield code="z"> -Audio: TRUE -Video Signal: TRUE -Multiple:  -Relevant to CERN: TRUE -Action required: None -Duplicate: TRUE</subfield>
  </datafield>
  <datafield tag="583" ind1="1" ind2=" ">
    <subfield code="3">U-Matic</subfield>
    <subfield code="b">C1V1</subfield>
    <subfield code="n">32,56</subfield>
    <subfield code="o">minutes</subfield>
    <subfield code="x">Low RF, noisy picture</subfield>
    <subfield code="8">b</subfield>
  </datafield>
  <datafield tag="583" ind1="1" ind2=" ">
    <subfield code="3">U-Matic</subfield>
    <subfield code="b">C1V1</subfield>
    <subfield code="n">62,46</subfield>
    <subfield code="o">minutes</subfield>
    <subfield code="x">Low RF, noisy picture</subfield>
    <subfield code="8">c</subfield>
  </datafield>
  <datafield tag="583" ind1="1" ind2=" ">
    <subfield code="3">U-Matic</subfield>
    <subfield code="b">C1V1</subfield>
    <subfield code="n">32,2933333333333</subfield>
    <subfield code="o">minutes</subfield>
    <subfield code="x">Low RF, noisy picture</subfield>
    <subfield code="8">d</subfield>
  </datafield>
  <datafield tag="583" ind1=" " ind2=" ">
    <subfield code="a">curation</subfield>
    <subfield code="c">Decembre 2020</subfield>
    <subfield code="8">b</subfield>
    <subfield code="z"> -Audio: TRUE -Video Signal: TRUE -Multiple:  -Relevant to CERN: TRUE -Action required: To be grouped -Duplicate: TRUE -Found: 2205231-a</subfield>
  </datafield>
  <datafield tag="583" ind1=" " ind2=" ">
    <subfield code="a">curation</subfield>
    <subfield code="c">Decembre 2020</subfield>
    <subfield code="8">c</subfield>
    <subfield code="z"> -Audio: TRUE -Video Signal: TRUE -Multiple:  -Relevant to CERN: TRUE -Action required: To be grouped -Duplicate: TRUE -Found: 2205231-a</subfield>
  </datafield>
  <datafield tag="583" ind1=" " ind2=" ">
    <subfield code="a">curation</subfield>
    <subfield code="c">Decembre 2020</subfield>
    <subfield code="8">d</subfield>
    <subfield code="z"> -Audio: TRUE -Video Signal: TRUE -Multiple:  -Relevant to CERN: TRUE -Action required: To be grouped -Duplicate: TRUE -Found: 2205231-a</subfield>
  </datafield>
  <datafield tag="594" ind1=" " ind2=" ">
    <subfield code="9">review Mar2021</subfield>
    <subfield code="8">a</subfield>
    <subfield code="a">Footage</subfield>
  </datafield>
  <datafield tag="594" ind1=" " ind2=" ">
    <subfield code="9">review Mar2021</subfield>
    <subfield code="8">b</subfield>
    <subfield code="a">Footage</subfield>
  </datafield>
  <datafield tag="595" ind1=" " ind2=" ">
    <subfield code="a">MOV-FILE-MISSING</subfield>
    <subfield code="d">20180619_1514</subfield>
  </datafield>
  <datafield tag="597" ind1=" " ind2=" ">
    <subfield code="9">review Mar2021</subfield>
    <subfield code="8">c</subfield>
    <subfield code="a">several cuts of the video</subfield>
  </datafield>
  <datafield tag="650" ind1="2" ind2="7">
    <subfield code="9">review Mar2021</subfield>
    <subfield code="a">Machines</subfield>
  </datafield>
  <datafield tag="653" ind1="1" ind2=" ">
    <subfield code="9">CERN</subfield>
  </datafield>
  <datafield tag="653" ind1="1" ind2=" ">
    <subfield code="9">review Mar2021</subfield>
    <subfield code="8">a</subfield>
    <subfield code="a">industry machinery</subfield>
  </datafield>
  <datafield tag="653" ind1="1" ind2=" ">
    <subfield code="9">review Mar2021</subfield>
    <subfield code="8">b</subfield>
    <subfield code="a">industry machinery</subfield>
  </datafield>
  <datafield tag="690" ind1="C" ind2=" ">
    <subfield code="a">movingimages</subfield>
  </datafield>
  <datafield tag="852" ind1=" " ind2=" ">
    <subfield code="a">510-R-036</subfield>
    <subfield code="c">CM-A00000016</subfield>
  </datafield>
  <datafield tag="852" ind1=" " ind2=" ">
    <subfield code="a">510-R-036</subfield>
    <subfield code="c">CM-A00000020</subfield>
    <subfield code="x">U-matic</subfield>
  </datafield>
  <datafield tag="852" ind1=" " ind2=" ">
    <subfield code="a">510-R-036</subfield>
    <subfield code="c">CM-A00000016</subfield>
    <subfield code="x">U-matic</subfield>
  </datafield>
  <datafield tag="856" ind1="4" ind2=" ">
    <subfield code="2">EOS</subfield>
    <subfield code="q">MP4</subfield>
    <subfield code="u">https://cern.ch/digital-memory/media-archive/video/cern/mp4/2205231-a.mp4</subfield>
    <subfield code="s">303121585</subfield>
    <subfield code="y">Video-2205231-a</subfield>
    <subfield code="z">mp4 video format (640x360)</subfield>
    <subfield code="w">(PICTURAE:MD5)ac_C1V1_2205231-a.mp4;589ca4c3494de6c7c292371f41488fbb</subfield>
    <subfield code="8">a</subfield>
  </datafield>
  <datafield tag="856" ind1="7" ind2=" ">
    <subfield code="2">EOS</subfield>
    <subfield code="q">MKV</subfield>
    <subfield code="d">/eos/media/cds/public/www/digital-memory/media-archive/video/cern/mkv/2205231-a.mkv</subfield>
    <subfield code="s">19826736905</subfield>
    <subfield code="w">(PICTURAE:MD5)pm_C1V1_2205231-a.mkv;04199b896114dc6c10efe8a988109d31</subfield>
    <subfield code="8">a</subfield>
  </datafield>
  <datafield tag="856" ind1="4" ind2=" ">
    <subfield code="2">EOS</subfield>
    <subfield code="q">MP4</subfield>
    <subfield code="u">https://cern.ch/digital-memory/media-archive/video/cern/mp4/2205231-b.mp4</subfield>
    <subfield code="s">308992616</subfield>
    <subfield code="y">Video-2205231-b</subfield>
    <subfield code="z">mp4 video format (640x360)</subfield>
    <subfield code="w">(PICTURAE:MD5)ac_C1V1_2205231-b.mp4;5f86dca87bdaa56971dbb400b895c2bd</subfield>
    <subfield code="8">b</subfield>
  </datafield>
  <datafield tag="856" ind1="7" ind2=" ">
    <subfield code="2">EOS</subfield>
    <subfield code="q">MKV</subfield>
    <subfield code="d">/eos/media/cds/public/www/digital-memory/media-archive/video/cern/mkv/2205231-b.mkv</subfield>
    <subfield code="s">27612218146</subfield>
    <subfield code="w">(PICTURAE:MD5)pm_C1V1_2205231-b.mkv;c9136d2c9b8252b3e77baef3cfb5d022</subfield>
    <subfield code="8">b</subfield>
  </datafield>
  <datafield tag="856" ind1="4" ind2=" ">
    <subfield code="2">EOS</subfield>
    <subfield code="q">MP4</subfield>
    <subfield code="u">https://cern.ch/digital-memory/media-archive/video/cern/mp4/2205231-c.mp4</subfield>
    <subfield code="s">590654888</subfield>
    <subfield code="y">Video-2205231-c</subfield>
    <subfield code="z">mp4 video format (640x360)</subfield>
    <subfield code="w">(PICTURAE:MD5)ac_C1V1_2205231-c.mp4;f64a2e0f0a554fbef7adfa2ea3a1fd39</subfield>
    <subfield code="8">c</subfield>
  </datafield>
  <datafield tag="856" ind1="7" ind2=" ">
    <subfield code="2">EOS</subfield>
    <subfield code="q">MKV</subfield>
    <subfield code="d">/eos/media/cds/public/www/digital-memory/media-archive/video/cern/mkv/2205231-c.mkv</subfield>
    <subfield code="s">32242287952</subfield>
    <subfield code="w">(PICTURAE:MD5)pm_C1V1_2205231-c.mkv;1ed45da8f7621085e0700186436e3996</subfield>
    <subfield code="8">c</subfield>
  </datafield>
  <datafield tag="856" ind1="4" ind2=" ">
    <subfield code="2">EOS</subfield>
    <subfield code="q">MP4</subfield>
    <subfield code="u">https://cern.ch/digital-memory/media-archive/video/cern/mp4/2205231-d.mp4</subfield>
    <subfield code="s">307820389</subfield>
    <subfield code="y">Video-2205231-d</subfield>
    <subfield code="z">mp4 video format (640x360)</subfield>
    <subfield code="w">(PICTURAE:MD5)ac_C1V1_2205231-d.mp4;a219a8f196f816e50f2538313c30a7b5</subfield>
    <subfield code="8">d</subfield>
  </datafield>
  <datafield tag="856" ind1="7" ind2=" ">
    <subfield code="2">EOS</subfield>
    <subfield code="q">MKV</subfield>
    <subfield code="d">/eos/media/cds/public/www/digital-memory/media-archive/video/cern/mkv/2205231-d.mkv</subfield>
    <subfield code="s">26356403755</subfield>
    <subfield code="w">(PICTURAE:MD5)pm_C1V1_2205231-d.mkv;f7ec48b5d5d720e7e47002efe7489fc3</subfield>
    <subfield code="8">d</subfield>
  </datafield>
  <datafield tag="960" ind1=" " ind2=" ">
    <subfield code="a">85</subfield>
  </datafield>
  <datafield tag="960" ind1=" " ind2=" ">
    <subfield code="a">200</subfield>
  </datafield>
  <datafield tag="961" ind1=" " ind2=" ">
    <subfield code="a">Tom Barth\xc3\xa9l\xc3\xa9my</subfield>
    <subfield code="b">Curator</subfield>
    <subfield code="x">2021-03-01</subfield>
  </datafield>
  <datafield tag="963" ind1=" " ind2=" ">
    <subfield code="a">PUBLIC</subfield>
  </datafield>
  <datafield tag="963" ind1=" " ind2=" ">
    <subfield code="9">review
</subfield>
    <subfield code="a">RESTRICTED</subfield>
    <subfield code="8">a</subfield>
  </datafield>
  <datafield tag="963" ind1=" " ind2=" ">
    <subfield code="9">review
</subfield>
    <subfield code="a">RESTRICTED</subfield>
    <subfield code="8">b</subfield>
  </datafield>
  <datafield tag="980" ind1=" " ind2=" ">
    <subfield code="a">VIDEOARC</subfield>
  </datafield>
</record>