
</collection>
<collection xmlns="http://www.loc.gov/MARC21/slim">
<record>
  <controlfield tag="001">2205177</controlfield>
  <controlfield tag="005">20210329093342.0</controlfield>
  <datafield tag="024" ind1="8" ind2=" ">
    <subfield code="a">oai:cds.cern.ch:2205177</subfield>
    <subfield code="q">cerncds:MEMORIAV</subfield>
  </datafield>
  <datafield tag="041" ind1=" " ind2=" ">
    <subfield code="a">eng</subfield>
  </datafield>
  <datafield tag="245" ind1=" " ind2=" ">
    <subfield code="a">Radiation Hazard in the ISR</subfield>
  </datafield>
  <datafield tag="260" ind1=" " ind2=" ">
    <subfield code="c">1977</subfield>
  </datafield>
  <datafield tag="260" ind1=" " ind2=" ">
    <subfield code="9">review Mar2021</subfield>
    <subfield code="c">1977</subfield>
  </datafield>
  <datafield tag="269" ind1=" " ind2=" ">
    <subfield code="c">1977-08-04</subfield>
  </datafield>
  <datafield tag="337" ind1=" " ind2=" ">
    <subfield code="a">Video</subfield>
  </datafield>
  <datafield tag="340" ind1=" " ind2=" ">
    <subfield code="a">U-matic</subfield>
  </datafield>
  <datafield tag="500" ind1=" " ind2=" ">
    <subfield code="a">The video was digitized from its original recording as part of the CERN Digital Memory project</subfield>
  </datafield>
  <datafield tag="508" ind1=" " ind2=" ">
    <subfield code="a">A. Perrot</subfield>
  </datafield>
  <datafield tag="511" ind1="1" ind2=" ">
    <subfield code="9">review Mar2021</subfield>
    <subfield code="a">H.Marchal, Radiation Protection Group, C.Ashfield - recording</subfield>
  </datafield>
  <datafield tag="514" ind1=" " ind2=" ">
    <subfield code="a">Low RF, noisy picture -  </subfield>
  </datafield>
  <datafield tag="520" ind1=" " ind2=" ">
    <subfield code="a">0-45 Introduction.  45-180 Production of Radiation and its Decay.  180-270 Different Types of Proton Losses.  270-405 Strongly active Regions and Protection against them.  405-430 Exceptional Conditions.  430-450 Measurements made in the ISR.  450-480 Actual Doses received in 1976.</subfield>
  </datafield>
  <datafield tag="520" ind1=" " ind2=" ">
    <subfield code="9">review Mar2021</subfield>
    <subfield code="a">Radiation hazards in the Intersecting Storage Rings (ISR), Lecture, Double voicing of translation until 4mn</subfield>
  </datafield>
  <datafield tag="542" ind1=" " ind2=" ">
    <subfield code="d">CERN</subfield>
    <subfield code="g">1977</subfield>
  </datafield>
  <datafield tag="542" ind1="1" ind2=" ">
    <subfield code="9">review Mar2021</subfield>
    <subfield code="d">CERN</subfield>
  </datafield>
  <datafield tag="583" ind1="1" ind2=" ">
    <subfield code="i">CREATE-MARC-run20180619_1514</subfield>
    <subfield code="a">digitized</subfield>
    <subfield code="2">pda</subfield>
    <subfield code="f">CERN Digital Memory Project</subfield>
    <subfield code="k">PICTURAE</subfield>
    <subfield code="u">https://cds.cern.ch/record/2257246</subfield>
    <subfield code="5">SzGeCERN</subfield>
    <subfield code="6">WEEK44-public</subfield>
    <subfield code="b">C1V1: Composite\tSignal - U-Matic,\xc2\xa0U-Matic SP,\xc2\xa0VHS, 1 inch C, 1 inch B, Video , Betamax </subfield>
    <subfield code="3"> U-Matic </subfield>
    <subfield code="f">public</subfield>
    <subfield code="z">
 - VISUAL INSPECTION TABLE of U-Matic () true  - 
 - RTI VT 3100 of U-Matic () true  - 
 - MAC-V021 of U-Matic () true Low RF, noisy picture - 
 - MANUAL QC GEN of U-Matic () true  - 
 - MANUAL QC GEN of U-Matic () true  - 
 - FILE_PRESENCE of U-Matic () true  - 
      </subfield>
    <subfield code="x">
 - VISUAL INSPECTION TABLE timing: from 10/10/2017 14:21 to 10/10/2017 14:21 -
 - RTI VT 3100 timing: from 10/10/2017 14:23 to 10/10/2017 14:31 -
 - MAC-V021 timing: from 13/10/2017 09:50 to 13/10/2017 10:22 -
 - MANUAL QC GEN timing: from 13/10/2017 10:22 to 13/10/2017 10:22 -
 - MANUAL QC GEN timing: from 13/10/2017 22:26 to 13/10/2017 22:26 -
 - FILE_PRESENCE timing: from 13/10/2017 22:26 to 13/10/2017 22:26 -
       </subfield>
    <subfield code="c">20171013</subfield>
  </datafield>
  <datafield tag="583" ind1="1" ind2=" ">
    <subfield code="2">pda</subfield>
    <subfield code="5">SzGeCERN</subfield>
    <subfield code="a">digitized</subfield>
    <subfield code="c">202103</subfield>
    <subfield code="f">CERN Digital Memory Project</subfield>
    <subfield code="i">OPEN-REFINE Project Mar2021 New HDD</subfield>
    <subfield code="k">PICTURAE</subfield>
    <subfield code="u">https://cds.cern.ch/record/2257246</subfield>
  </datafield>
  <datafield tag="583" ind1="1" ind2=" ">
    <subfield code="3">U-Matic</subfield>
    <subfield code="b">C1V1</subfield>
    <subfield code="n">25,0933333333333</subfield>
    <subfield code="o">minutes</subfield>
    <subfield code="x">Low RF, noisy picture</subfield>
  </datafield>
  <datafield tag="583" ind1=" " ind2=" ">
    <subfield code="a">curation</subfield>
    <subfield code="c">Decembre 2020</subfield>
    <subfield code="z"> -Audio: TRUE -Video Signal: TRUE -Multiple:  -Relevant to CERN: TRUE -Duplicate: FALSE</subfield>
  </datafield>
  <datafield tag="594" ind1=" " ind2=" ">
    <subfield code="9">review Mar2021</subfield>
    <subfield code="a">Conference Speech</subfield>
  </datafield>
  <datafield tag="595" ind1=" " ind2=" ">
    <subfield code="a">MOV-FILE-MISSING</subfield>
    <subfield code="d">20180619_1514</subfield>
  </datafield>
  <datafield tag="597" ind1=" " ind2=" ">
    <subfield code="9">review Mar2021</subfield>
    <subfield code="a">double voicing of translation until 4\'</subfield>
  </datafield>
  <datafield tag="650" ind1="2" ind2="7">
    <subfield code="9">review Mar2021</subfield>
    <subfield code="a">Portraits of science</subfield>
  </datafield>
  <datafield tag="653" ind1="1" ind2=" ">
    <subfield code="9">CERN</subfield>
  </datafield>
  <datafield tag="653" ind1="1" ind2=" ">
    <subfield code="9">review Mar2021</subfield>
    <subfield code="a">Radiation hazards</subfield>
  </datafield>
  <datafield tag="653" ind1="1" ind2=" ">
    <subfield code="9">review Mar2021</subfield>
    <subfield code="a">ISR</subfield>
  </datafield>
  <datafield tag="653" ind1="1" ind2=" ">
    <subfield code="9">review Mar2021</subfield>
    <subfield code="a">measurements</subfield>
  </datafield>
  <datafield tag="653" ind1="1" ind2=" ">
    <subfield code="9">review Mar2021</subfield>
    <subfield code="a">documentation</subfield>
  </datafield>
  <datafield tag="690" ind1="C" ind2=" ">
    <subfield code="a">movingimages</subfield>
  </datafield>
  <datafield tag="852" ind1=" " ind2=" ">
    <subfield code="a">510-R-036</subfield>
    <subfield code="c">CM-A00000013</subfield>
  </datafield>
  <datafield tag="856" ind1="4" ind2=" ">
    <subfield code="2">EOS</subfield>
    <subfield code="q">MP4</subfield>
    <subfield code="u">https://cern.ch/digital-memory/media-archive/video/open/mp4/2205177.mp4</subfield>
    <subfield code="s">238699342</subfield>
    <subfield code="y">Video-2205177</subfield>
    <subfield code="z">mp4 video format (640x360)</subfield>
    <subfield code="w">(PICTURAE:MD5)ac_C1V1_2205177.mp4;d03072cc3793f871368b32f510ad4114</subfield>
  </datafield>
  <datafield tag="856" ind1="7" ind2=" ">
    <subfield code="2">EOS</subfield>
    <subfield code="q">MKV</subfield>
    <subfield code="d">/eos/media/cds/public/www/digital-memory/media-archive/video/open/mkv/2205177.mkv</subfield>
    <subfield code="s">13714831631</subfield>
    <subfield code="w">(PICTURAE:MD5)pm_C1V1_2205177.mkv;e2bf37535ef28e90a3342ab704d898a0</subfield>
  </datafield>
  <datafield tag="960" ind1=" " ind2=" ">
    <subfield code="a">85</subfield>
  </datafield>
  <datafield tag="960" ind1=" " ind2=" ">
    <subfield code="a">200</subfield>
  </datafield>
  <datafield tag="961" ind1=" " ind2=" ">
    <subfield code="a">Tom Barth\xc3\xa9l\xc3\xa9my</subfield>
    <subfield code="b">Curator</subfield>
    <subfield code="x">2021-03-01</subfield>
  </datafield>
  <datafield tag="963" ind1=" " ind2=" ">
    <subfield code="a">PUBLIC</subfield>
  </datafield>
  <datafield tag="963" ind1=" " ind2=" ">
    <subfield code="9">review
</subfield>
    <subfield code="a">PUBLIC</subfield>
  </datafield>
  <datafield tag="980" ind1=" " ind2=" ">
    <subfield code="a">VIDEOARC</subfield>
  </datafield>
</record>