
</collection>
<collection xmlns="http://www.loc.gov/MARC21/slim">
<record>
  <controlfield tag="001">2203516</controlfield>
  <controlfield tag="005">20210329093046.0</controlfield>
  <datafield tag="024" ind1="8" ind2=" ">
    <subfield code="a">oai:cds.cern.ch:2203516</subfield>
    <subfield code="q">cerncds:MEMORIAV</subfield>
  </datafield>
  <datafield tag="245" ind1=" " ind2=" ">
    <subfield code="a">Big Bang Amphi 17.08.05</subfield>
  </datafield>
  <datafield tag="260" ind1=" " ind2=" ">
    <subfield code="c">2005</subfield>
  </datafield>
  <datafield tag="260" ind1=" " ind2=" ">
    <subfield code="9">review Mar2021</subfield>
    <subfield code="c">2005</subfield>
  </datafield>
  <datafield tag="269" ind1=" " ind2=" ">
    <subfield code="9">review Mar2021</subfield>
    <subfield code="c">2005-08-17</subfield>
  </datafield>
  <datafield tag="337" ind1=" " ind2=" ">
    <subfield code="a">Video</subfield>
  </datafield>
  <datafield tag="340" ind1=" " ind2=" ">
    <subfield code="a">DVCAM</subfield>
  </datafield>
  <datafield tag="500" ind1=" " ind2=" ">
    <subfield code="a">The video was digitized from its original recording as part of the CERN Digital Memory project</subfield>
  </datafield>
  <datafield tag="514" ind1=" " ind2=" ">
    <subfield code="a">Low RF, noisy picture -  </subfield>
  </datafield>
  <datafield tag="518" ind1=" " ind2=" ">
    <subfield code="a">17-08-2005</subfield>
  </datafield>
  <datafield tag="520" ind1=" " ind2=" ">
    <subfield code="9">review Mar2021</subfield>
    <subfield code="a">Student's performance</subfield>
  </datafield>
  <datafield tag="542" ind1=" " ind2=" ">
    <subfield code="d">CERN</subfield>
    <subfield code="g">2005</subfield>
  </datafield>
  <datafield tag="542" ind1="1" ind2=" ">
    <subfield code="9">review Mar2021</subfield>
    <subfield code="d">CERN</subfield>
  </datafield>
  <datafield tag="583" ind1="1" ind2=" ">
    <subfield code="i">CREATE-MARC-run20180620_1014</subfield>
    <subfield code="a">digitized</subfield>
    <subfield code="2">pda</subfield>
    <subfield code="f">CERN Digital Memory Project</subfield>
    <subfield code="k">PICTURAE</subfield>
    <subfield code="u">https://cds.cern.ch/record/2257246</subfield>
    <subfield code="5">SzGeCERN</subfield>
    <subfield code="6">WEEK48-public</subfield>
    <subfield code="b">S1V1: SDI Signal - Digital Betacam, Betacam SP, Betacam, Betacam SX, DVCAM, DVCPRO, DV/Mini DV</subfield>
    <subfield code="3"> DVCam </subfield>
    <subfield code="f">public</subfield>
    <subfield code="z">
 - VISUAL INSPECTION TABLE of DVCam () true  - 
 - RTI VT 4100 of DVCam () true  - 
 - MAC-V016 of DVCam () true Low RF, noisy picture - 
 - MANUAL QC GEN of DVCam () true  - 
      </subfield>
    <subfield code="x">
 - VISUAL INSPECTION TABLE timing: from 17/11/2017 15:47 to 17/11/2017 15:47 -
 - RTI VT 4100 timing: from 21/11/2017 11:02 to 21/11/2017 13:57 -
 - MAC-V016 timing: from 21/11/2017 14:00 to 21/11/2017 15:42 -
 - MANUAL QC GEN timing: from 21/11/2017 15:42 to 21/11/2017 15:42 -
       </subfield>
    <subfield code="c">20171121</subfield>
  </datafield>
  <datafield tag="583" ind1="1" ind2=" ">
    <subfield code="2">pda</subfield>
    <subfield code="5">SzGeCERN</subfield>
    <subfield code="a">digitized</subfield>
    <subfield code="c">202103</subfield>
    <subfield code="f">CERN Digital Memory Project</subfield>
    <subfield code="i">OPEN-REFINE Project Mar2021 New HDD</subfield>
    <subfield code="k">PICTURAE</subfield>
    <subfield code="u">https://cds.cern.ch/record/2257246</subfield>
  </datafield>
  <datafield tag="583" ind1="1" ind2=" ">
    <subfield code="3">DVCam</subfield>
    <subfield code="b">S1V1</subfield>
    <subfield code="n">93,26</subfield>
    <subfield code="o">minutes</subfield>
    <subfield code="x">Low RF, noisy picture</subfield>
  </datafield>
  <datafield tag="583" ind1=" " ind2=" ">
    <subfield code="a">curation</subfield>
    <subfield code="c">Decembre 2020</subfield>
    <subfield code="z"> -Audio: TRUE -Video Signal: TRUE -Multiple:  -Relevant to CERN: TRUE -Duplicate: FALSE</subfield>
  </datafield>
  <datafield tag="594" ind1=" " ind2=" ">
    <subfield code="9">review Mar2021</subfield>
    <subfield code="a">Footage</subfield>
  </datafield>
  <datafield tag="650" ind1="2" ind2="7">
    <subfield code="9">review Mar2021</subfield>
    <subfield code="a">Inside the lab</subfield>
  </datafield>
  <datafield tag="653" ind1="1" ind2=" ">
    <subfield code="9">CERN</subfield>
  </datafield>
  <datafield tag="653" ind1="1" ind2=" ">
    <subfield code="9">review Mar2021</subfield>
    <subfield code="a">Performance</subfield>
  </datafield>
  <datafield tag="690" ind1="C" ind2=" ">
    <subfield code="a">movingimages</subfield>
  </datafield>
  <datafield tag="852" ind1=" " ind2=" ">
    <subfield code="a">510-R-005</subfield>
    <subfield code="c">CM-A00000012</subfield>
  </datafield>
  <datafield tag="856" ind1="4" ind2=" ">
    <subfield code="2">EOS</subfield>
    <subfield code="q">MP4</subfield>
    <subfield code="u">https://cern.ch/digital-memory/media-archive/video/cern/mp4/2203516.mp4</subfield>
    <subfield code="s">885252953</subfield>
    <subfield code="y">Video-2203516</subfield>
    <subfield code="z">mp4 video format (640x360)</subfield>
    <subfield code="w">(PICTURAE:MD5)ac_S1V1_2203516.mp4;9d9883f74a1b2c865e3709ae6d5cc8d0</subfield>
  </datafield>
  <datafield tag="856" ind1="7" ind2=" ">
    <subfield code="2">EOS</subfield>
    <subfield code="q">MKV</subfield>
    <subfield code="d">/eos/media/cds/public/www/digital-memory/media-archive/video/cern/mkv/2203516.mkv</subfield>
    <subfield code="s">62044933252</subfield>
    <subfield code="w">(PICTURAE:MD5)pm_S1V1_2203516.mkv;bb48825cc53cf7c40d8cc8c46cfa1a6c</subfield>
  </datafield>
  <datafield tag="856" ind1="7" ind2=" ">
    <subfield code="2">EOS</subfield>
    <subfield code="q">MOV</subfield>
    <subfield code="d">/eos/media/cds/public/www/digital-memory/media-archive/video/cern/mov/2203516.mov</subfield>
    <subfield code="s">21996515296</subfield>
    <subfield code="w">(PICTURAE:MD5)am_S1V1_2203516.mov;1598f261b39901e67e5c108a362af7bb</subfield>
  </datafield>
  <datafield tag="960" ind1=" " ind2=" ">
    <subfield code="a">85</subfield>
  </datafield>
  <datafield tag="960" ind1=" " ind2=" ">
    <subfield code="a">200</subfield>
  </datafield>
  <datafield tag="961" ind1=" " ind2=" ">
    <subfield code="a">Tom Barth\xc3\xa9l\xc3\xa9my</subfield>
    <subfield code="b">Curator</subfield>
    <subfield code="x">2021-03-01</subfield>
  </datafield>
  <datafield tag="963" ind1=" " ind2=" ">
    <subfield code="a">PUBLIC</subfield>
  </datafield>
  <datafield tag="963" ind1=" " ind2=" ">
    <subfield code="9">review
</subfield>
    <subfield code="a">RESTRICTED</subfield>
  </datafield>
  <datafield tag="980" ind1=" " ind2=" ">
    <subfield code="a">VIDEOARC</subfield>
  </datafield>
</record>