
</collection>
<collection xmlns="http://www.loc.gov/MARC21/slim">
<record>
  <controlfield tag="001">2202973</controlfield>
  <controlfield tag="005">20230707135020.0</controlfield>
  <datafield tag="024" ind1="8" ind2=" ">
    <subfield code="a">oai:cds.cern.ch:2202973</subfield>
    <subfield code="p">cerncds:MEMORIAV</subfield>
  </datafield>
  <datafield tag="041" ind1=" " ind2=" ">
    <subfield code="9">review</subfield>
    <subfield code="a">Multiple</subfield>
  </datafield>
  <datafield tag="245" ind1=" " ind2=" ">
    <subfield code="a">Clip 17 Septembre</subfield>
  </datafield>
  <datafield tag="337" ind1=" " ind2=" ">
    <subfield code="a">Video</subfield>
  </datafield>
  <datafield tag="340" ind1=" " ind2=" ">
    <subfield code="a">DVD</subfield>
  </datafield>
  <datafield tag="500" ind1=" " ind2=" ">
    <subfield code="a">The video was digitized from its original recording as part of the CERN Digital Memory project</subfield>
  </datafield>
  <datafield tag="511" ind1="1" ind2=" ">
    <subfield code="9">review Mar2021</subfield>
    <subfield code="a">Ugo Amaldi, Tatiana Faberge, Emilio Picasso, Herwig Schopper, Django Mong lunki, Daniel Froidevaux, Anna Di Ciaccio, Liliane Braize, Enzo Carrone, Sasha Nikitenko, Omar Moussa, Maya Stravrianakou, Joanna Weng, Filip Moortgat, Saima Iqbal, Saeid Paktinat, NorraPhot</subfield>
  </datafield>
  <datafield tag="514" ind1=" " ind2=" ">
    <subfield code="a">Audio present but not on all channels -  Incomplete program -  Low RF, noisy picture -</subfield>
  </datafield>
  <datafield tag="520" ind1=" " ind2=" ">
    <subfield code="9">review</subfield>
    <subfield code="a">History of CERN over the years</subfield>
  </datafield>
  <datafield tag="520" ind1=" " ind2=" ">
    <subfield code="9">review Mar2021</subfield>
    <subfield code="a">Interviews with CERN staff at the occasion of 50s anniversary of CERN</subfield>
  </datafield>
  <datafield tag="542" ind1=" " ind2=" ">
    <subfield code="d">CERN</subfield>
  </datafield>
  <datafield tag="542" ind1="1" ind2=" ">
    <subfield code="9">review</subfield>
    <subfield code="d">CERN</subfield>
  </datafield>
  <datafield tag="542" ind1="1" ind2=" ">
    <subfield code="9">review Mar2021</subfield>
    <subfield code="d">CERN</subfield>
  </datafield>
  <datafield tag="583" ind1="1" ind2=" ">
    <subfield code="2">pda</subfield>
    <subfield code="3">DVD</subfield>
    <subfield code="5">SzGeCERN</subfield>
    <subfield code="6">WEEK48-public</subfield>
    <subfield code="a">digitized</subfield>
    <subfield code="b">S1V1: SDI Signal - Digital Betacam, Betacam SP, Betacam, Betacam SX, DVCAM, DVCPRO, DV/Mini DV</subfield>
    <subfield code="c">20180312</subfield>
    <subfield code="f">CERN Digital Memory Project</subfield>
    <subfield code="f">public</subfield>
    <subfield code="i">CREATE-MARC-run20180620_1014</subfield>
    <subfield code="k">PICTURAE</subfield>
    <subfield code="l">Clip 17 September</subfield>
    <subfield code="u">https://cds.cern.ch/record/2257246</subfield>
    <subfield code="x">- VISUAL INSPECTION TABLE timing: from 17/11/2017 15:34 to 17/11/2017 15:34 -
 - RTI VT 4100 timing: from 20/11/2017 12:49 to 20/11/2017 12:56 -
 - MAC-V012 timing: from 20/11/2017 12:59 to 20/11/2017 13:53 -
 - MANUAL QC GEN timing: from 20/11/2017 13:53 to 20/11/2017 13:53 -
 - VISUAL INSPECTION TABLE timing: from 21/02/2018 08:56 to 21/02/2018 08:56 -
 - DVD-Station timing: from 21/02/2018 15:02 to 21/02/2018 15:41 -
 - MANUAL QC GEN timing: from 21/02/2018 15:41 to 21/02/2018 15:41 -
 - MANUAL QC GEN timing: from 26/02/2018 22:05 to 26/02/2018 22:05 -
 - FILE_PRESENCE timing: from 26/02/2018 22:05 to 26/02/2018 22:05 -
 - MANUAL QC GEN timing: from 12/03/2018 22:17 to 12/03/2018 22:17 -
 - FILE_PRESENCE timing: from 12/03/2018 22:17 to 12/03/2018 22:17 -
 - VISUAL INSPECTION TABLE timing: from 21/02/2018 08:55 to 21/02/2018 08:55 -
 - DVD-Station timing: from 22/02/2018 09:30 to 22/02/2018 10:20 -
 - MANUAL QC GEN timing: from 22/02/2018 10:20 to 22/02/2018 10:20 -
 - MANUAL QC GEN timing: from 26/02/2018 22:09 to 26/02/2018 22:09 -
 - FILE_PRESENCE timing: from 26/02/2018 22:09 to 26/02/2018 22:09 -
 - MANUAL QC GEN timing: from 12/03/2018 22:11 to 12/03/2018 22:11 -
 - FILE_PRESENCE timing: from 12/03/2018 22:11 to 12/03/2018 22:11 -</subfield>
    <subfield code="z">- VISUAL INSPECTION TABLE of DVCam () true  - 
 - RTI VT 4100 of DVCam () true  - 
 - MAC-V012 of DVCam () true Incomplete program | Low RF, noisy picture | Audio present but not on all channels - 
 - MANUAL QC GEN of DVCam () true  - 
 - VISUAL INSPECTION TABLE of DVD () true  - 
 - DVD-Station of DVD () true  - 
 - MANUAL QC GEN of DVD () true  - 
 - MANUAL QC GEN of DVD () true  - 
 - FILE_PRESENCE of DVD () true  - 
 - MANUAL QC GEN of DVD () true  - 
 - FILE_PRESENCE of DVD () true  - 
 - VISUAL INSPECTION TABLE of DVD () true  - 
 - DVD-Station of DVD () true  - 
 - MANUAL QC GEN of DVD () true  - 
 - MANUAL QC GEN of DVD () true  - 
 - FILE_PRESENCE of DVD () true  - 
 - MANUAL QC GEN of DVD () true  - 
 - FILE_PRESENCE of DVD () true  -</subfield>
  </datafield>
  <datafield tag="583" ind1="1" ind2=" ">
    <subfield code="2">pda</subfield>
    <subfield code="3">DVD</subfield>
    <subfield code="5">SzGeCERN</subfield>
    <subfield code="6">WEEK10-public</subfield>
    <subfield code="8">a</subfield>
    <subfield code="a">digitized</subfield>
    <subfield code="b">D1V1: Digital Signal - DVD</subfield>
    <subfield code="c">20180312</subfield>
    <subfield code="f">CERN Digital Memory Project</subfield>
    <subfield code="f">public</subfield>
    <subfield code="i">CREATE-MARC-run20180622_170551</subfield>
    <subfield code="k">PICTURAE</subfield>
    <subfield code="l">Clip 17 September</subfield>
    <subfield code="u">https://cds.cern.ch/record/2257246</subfield>
    <subfield code="x">- VISUAL INSPECTION TABLE timing: from 21/02/2018 08:56 to 21/02/2018 08:56 -
 - DVD-Station timing: from 21/02/2018 15:02 to 21/02/2018 15:41 -
 - MANUAL QC GEN timing: from 21/02/2018 15:41 to 21/02/2018 15:41 -
 - MANUAL QC GEN timing: from 26/02/2018 22:05 to 26/02/2018 22:05 -
 - FILE_PRESENCE timing: from 26/02/2018 22:05 to 26/02/2018 22:05 -
 - MANUAL QC GEN timing: from 12/03/2018 22:17 to 12/03/2018 22:17 -
 - FILE_PRESENCE timing: from 12/03/2018 22:17 to 12/03/2018 22:17 -</subfield>
    <subfield code="z">- VISUAL INSPECTION TABLE of DVD () true  - 
 - DVD-Station of DVD () true  - 
 - MANUAL QC GEN of DVD () true  - 
 - MANUAL QC GEN of DVD () true  - 
 - FILE_PRESENCE of DVD () true  - 
 - MANUAL QC GEN of DVD () true  - 
 - FILE_PRESENCE of DVD () true  -</subfield>
  </datafield>
  <datafield tag="583" ind1="1" ind2=" ">
    <subfield code="2">pda</subfield>
    <subfield code="3">DVD</subfield>
    <subfield code="5">SzGeCERN</subfield>
    <subfield code="6">WEEK10-public</subfield>
    <subfield code="8">b</subfield>
    <subfield code="a">digitized</subfield>
    <subfield code="b">D1V1: Digital Signal - DVD</subfield>
    <subfield code="c">20180312</subfield>
    <subfield code="f">CERN Digital Memory Project</subfield>
    <subfield code="f">public</subfield>
    <subfield code="i">CREATE-MARC-run20180622_170551</subfield>
    <subfield code="k">PICTURAE</subfield>
    <subfield code="l">Clip 17 September (part)</subfield>
    <subfield code="u">https://cds.cern.ch/record/2257246</subfield>
    <subfield code="x">- VISUAL INSPECTION TABLE timing: from 21/02/2018 08:55 to 21/02/2018 08:55 -
 - DVD-Station timing: from 22/02/2018 09:30 to 22/02/2018 10:20 -
 - MANUAL QC GEN timing: from 22/02/2018 10:20 to 22/02/2018 10:20 -
 - MANUAL QC GEN timing: from 26/02/2018 22:09 to 26/02/2018 22:09 -
 - FILE_PRESENCE timing: from 26/02/2018 22:09 to 26/02/2018 22:09 -
 - MANUAL QC GEN timing: from 12/03/2018 22:11 to 12/03/2018 22:11 -
 - FILE_PRESENCE timing: from 12/03/2018 22:11 to 12/03/2018 22:11 -</subfield>
    <subfield code="z">- VISUAL INSPECTION TABLE of DVD () true  - 
 - DVD-Station of DVD () true  - 
 - MANUAL QC GEN of DVD () true  - 
 - MANUAL QC GEN of DVD () true  - 
 - FILE_PRESENCE of DVD () true  - 
 - MANUAL QC GEN of DVD () true  - 
 - FILE_PRESENCE of DVD () true  -</subfield>
  </datafield>
  <datafield tag="583" ind1="1" ind2=" ">
    <subfield code="2">pda</subfield>
    <subfield code="5">SzGeCERN</subfield>
    <subfield code="a">digitized</subfield>
    <subfield code="c">202103</subfield>
    <subfield code="f">CERN Digital Memory Project</subfield>
    <subfield code="i">OPEN-REFINE Project Mar2021 New HDD</subfield>
    <subfield code="k">PICTURAE</subfield>
    <subfield code="u">https://cds.cern.ch/record/2257246</subfield>
  </datafield>
  <datafield tag="583" ind1="1" ind2=" ">
    <subfield code="3">DVCam</subfield>
    <subfield code="b">S1V1</subfield>
    <subfield code="n">21,2433333333333</subfield>
    <subfield code="o">minutes</subfield>
    <subfield code="x">Low RF, noisy picture</subfield>
  </datafield>
  <datafield tag="583" ind1="1" ind2=" ">
    <subfield code="3">DVD</subfield>
    <subfield code="8">a</subfield>
    <subfield code="b">D1V1</subfield>
    <subfield code="n">20,66</subfield>
    <subfield code="o">minutes</subfield>
    <subfield code="x">Low RF, noisy picture</subfield>
  </datafield>
  <datafield tag="583" ind1="1" ind2=" ">
    <subfield code="3">DVD</subfield>
    <subfield code="8">b</subfield>
    <subfield code="b">D1V1</subfield>
    <subfield code="n">20,66</subfield>
    <subfield code="o">minutes</subfield>
    <subfield code="x">Low RF, noisy picture</subfield>
  </datafield>
  <datafield tag="583" ind1=" " ind2=" ">
    <subfield code="a">curation</subfield>
    <subfield code="c">Decembre 2020</subfield>
    <subfield code="z">-Audio: TRUE -Video Signal: TRUE -Multiple:  -Relevant to CERN: TRUE -Duplicate: FALSE</subfield>
  </datafield>
  <datafield tag="583" ind1=" " ind2=" ">
    <subfield code="8">a</subfield>
    <subfield code="a">curation</subfield>
    <subfield code="c">Decembre 2020</subfield>
    <subfield code="z">-Audio: TRUE -Video Signal: TRUE -Multiple:  -Relevant to CERN: TRUE -Action required: To be removed -Duplicate: TRUE</subfield>
  </datafield>
  <datafield tag="583" ind1=" " ind2=" ">
    <subfield code="8">b</subfield>
    <subfield code="a">curation</subfield>
    <subfield code="c">Decembre 2020</subfield>
    <subfield code="z">-Audio: TRUE -Video Signal: TRUE -Multiple:  -Relevant to CERN: TRUE -Action required: To be removed -Duplicate: TRUE</subfield>
  </datafield>
  <datafield tag="590" ind1=" " ind2=" ">
    <subfield code="9">review</subfield>
    <subfield code="a">Un film sur l\'histoire du CERN au fil des ans</subfield>
  </datafield>
  <datafield tag="594" ind1=" " ind2=" ">
    <subfield code="9">review</subfield>
    <subfield code="a">Movie</subfield>
  </datafield>
  <datafield tag="594" ind1=" " ind2=" ">
    <subfield code="9">review Mar2021</subfield>
    <subfield code="a">Video Clip</subfield>
  </datafield>
  <datafield tag="597" ind1=" " ind2=" ">
    <subfield code="9">review Mar2021</subfield>
    <subfield code="a">Videos from archives cannot be openned, only CDS</subfield>
  </datafield>
  <datafield tag="650" ind1="2" ind2="7">
    <subfield code="9">review</subfield>
    <subfield code="a">CERN sceneries</subfield>
  </datafield>
  <datafield tag="650" ind1="2" ind2="7">
    <subfield code="9">review Mar2021</subfield>
    <subfield code="a">Portraits of science</subfield>
  </datafield>
  <datafield tag="653" ind1="1" ind2=" ">
    <subfield code="9">CERN</subfield>
  </datafield>
  <datafield tag="653" ind1="1" ind2=" ">
    <subfield code="9">review</subfield>
    <subfield code="a">CERN-50</subfield>
  </datafield>
  <datafield tag="653" ind1="1" ind2=" ">
    <subfield code="9">review</subfield>
    <subfield code="a">anniversary</subfield>
  </datafield>
  <datafield tag="653" ind1="1" ind2=" ">
    <subfield code="9">review</subfield>
    <subfield code="a">celebration</subfield>
  </datafield>
  <datafield tag="653" ind1="1" ind2=" ">
    <subfield code="9">review</subfield>
    <subfield code="a">history of CERN</subfield>
  </datafield>
  <datafield tag="653" ind1="1" ind2=" ">
    <subfield code="9">review Mar2021</subfield>
    <subfield code="a">50 ans</subfield>
  </datafield>
  <datafield tag="653" ind1="1" ind2=" ">
    <subfield code="9">review Mar2021</subfield>
    <subfield code="a">Interviews with CERNois</subfield>
  </datafield>
  <datafield tag="690" ind1="C" ind2=" ">
    <subfield code="a">movingimages</subfield>
  </datafield>
  <datafield tag="690" ind1="C" ind2=" ">
    <subfield code="9">review</subfield>
    <subfield code="a">reviewed</subfield>
  </datafield>
  <datafield tag="852" ind1=" " ind2=" ">
    <subfield code="a">510-R-036</subfield>
    <subfield code="c">CM-A00000010</subfield>
  </datafield>
  <datafield tag="852" ind1=" " ind2=" ">
    <subfield code="a">510-R-005</subfield>
    <subfield code="c">CM-A00000012</subfield>
    <subfield code="x">DVCAM</subfield>
  </datafield>
  <datafield tag="852" ind1=" " ind2=" ">
    <subfield code="a">510-R-036</subfield>
    <subfield code="c">CM-A00000010</subfield>
    <subfield code="x">DVD</subfield>
  </datafield>
  <datafield tag="856" ind1="4" ind2=" ">
    <subfield code="2">EOS</subfield>
    <subfield code="q">MP4</subfield>
    <subfield code="s">200157625</subfield>
    <subfield code="u">https://cern.ch/digital-memory/media-archive/video/open/mp4/2202973.mp4</subfield>
    <subfield code="w">(PICTURAE:MD5)ac_S1V1_2202973.mp4;b4a9c5e8197d6cb789e09c985da85ff7</subfield>
    <subfield code="y">Video-2202973</subfield>
    <subfield code="z">mp4 video format (640x360)</subfield>
  </datafield>
  <datafield tag="856" ind1="4" ind2=" ">
    <subfield code="2">EOS</subfield>
    <subfield code="8">a</subfield>
    <subfield code="q">MP4</subfield>
    <subfield code="s">195678645</subfield>
    <subfield code="u">https://cern.ch/digital-memory/media-archive/video/open/mp4/2202973-a.mp4</subfield>
    <subfield code="w">(PICTURAE:MD5)ac_D1V1_2202973-a.mp4;7b5198a8b84f39656aee9d3b8cdeeb4b</subfield>
    <subfield code="y">Video-2202973-a</subfield>
    <subfield code="z">mp4 video format (640x360)</subfield>
  </datafield>
  <datafield tag="856" ind1="4" ind2=" ">
    <subfield code="2">EOS</subfield>
    <subfield code="8">b</subfield>
    <subfield code="q">MP4</subfield>
    <subfield code="s">195678620</subfield>
    <subfield code="u">https://cern.ch/digital-memory/media-archive/video/open/mp4/2202973-b.mp4</subfield>
    <subfield code="w">(PICTURAE:MD5)ac_D1V1_2202973-b.mp4;bbd971f9f6ae557e10b57f185eb43967</subfield>
    <subfield code="y">Video-2202973-b</subfield>
    <subfield code="z">mp4 video format (640x360)</subfield>
  </datafield>
  <datafield tag="856" ind1="7" ind2=" ">
    <subfield code="2">EOS</subfield>
    <subfield code="d">/eos/media/cds/public/www/digital-memory/media-archive/video/open/mkv/2202973.mkv</subfield>
    <subfield code="q">MKV</subfield>
    <subfield code="s">10020625855</subfield>
    <subfield code="w">(PICTURAE:MD5)pm_S1V1_2202973.mkv;71fdf27f9c5a9ef8aa98ab96fe983e2e</subfield>
  </datafield>
  <datafield tag="856" ind1="7" ind2=" ">
    <subfield code="2">EOS</subfield>
    <subfield code="d">/eos/media/cds/public/www/digital-memory/media-archive/video/open/mov/2202973.mov</subfield>
    <subfield code="q">MOV</subfield>
    <subfield code="s">3870412061</subfield>
    <subfield code="w">(PICTURAE:MD5)am_S1V1_2202973.mov;34e3fde3ea313d96925f0f635e98f3c7</subfield>
  </datafield>
  <datafield tag="856" ind1="7" ind2=" ">
    <subfield code="2">EOS</subfield>
    <subfield code="8">a</subfield>
    <subfield code="d">/eos/media/cds/public/www/digital-memory/media-archive/video/open/mkv/2202973-a.mkv</subfield>
    <subfield code="q">MKV</subfield>
    <subfield code="s">11319305219</subfield>
    <subfield code="w">(PICTURAE:MD5)pm_D1V1_2202973-a.mkv;f84f58b76f4ba91a102f9e802cff9804</subfield>
  </datafield>
  <datafield tag="856" ind1="7" ind2=" ">
    <subfield code="2">EOS</subfield>
    <subfield code="8">a</subfield>
    <subfield code="d">/eos/media/cds/public/www/digital-memory/media-archive/video/open/mov/2202973-a.mov</subfield>
    <subfield code="q">MOV</subfield>
    <subfield code="s">3475154327</subfield>
    <subfield code="w">(PICTURAE:MD5)am_D1V1_2202973-a.mov;0ad71691038d28c54d838845639f9344</subfield>
  </datafield>
  <datafield tag="856" ind1="7" ind2=" ">
    <subfield code="2">EOS</subfield>
    <subfield code="8">b</subfield>
    <subfield code="d">/eos/media/cds/public/www/digital-memory/media-archive/video/open/mkv/2202973-b.mkv</subfield>
    <subfield code="q">MKV</subfield>
    <subfield code="s">11319480720</subfield>
    <subfield code="w">(PICTURAE:MD5)pm_D1V1_2202973-b.mkv;32eba0a14beda0cd2810ef014bb35651</subfield>
  </datafield>
  <datafield tag="856" ind1="7" ind2=" ">
    <subfield code="2">EOS</subfield>
    <subfield code="8">b</subfield>
    <subfield code="d">/eos/media/cds/public/www/digital-memory/media-archive/video/open/mov/2202973-b.mov</subfield>
    <subfield code="q">MOV</subfield>
    <subfield code="s">3475154827</subfield>
    <subfield code="w">(PICTURAE:MD5)am_D1V1_2202973-b.mov;9cc6d1b196cf43982f886690d54b46b8</subfield>
  </datafield>
  <datafield tag="960" ind1=" " ind2=" ">
    <subfield code="a">85</subfield>
  </datafield>
  <datafield tag="960" ind1=" " ind2=" ">
    <subfield code="a">200</subfield>
  </datafield>
  <datafield tag="961" ind1=" " ind2=" ">
    <subfield code="a">Tom Barth\xc3\xa9l\xc3\xa9my</subfield>
    <subfield code="b">Curator</subfield>
    <subfield code="x">2021-03-01</subfield>
  </datafield>
  <datafield tag="963" ind1=" " ind2=" ">
    <subfield code="a">PUBLIC</subfield>
  </datafield>
  <datafield tag="963" ind1=" " ind2=" ">
    <subfield code="9">review</subfield>
    <subfield code="a">PUBLIC</subfield>
  </datafield>
  <datafield tag="963" ind1=" " ind2=" ">
    <subfield code="9">review</subfield>
    <subfield code="a">PUBLIC</subfield>
  </datafield>
  <datafield tag="980" ind1=" " ind2=" ">
    <subfield code="a">VIDEOARC</subfield>
  </datafield>
</record>