
</collection>
<collection xmlns="http://www.loc.gov/MARC21/slim">
<record>
  <controlfield tag="001">2201527</controlfield>
  <controlfield tag="005">20210326220337.0</controlfield>
  <datafield tag="024" ind1="8" ind2=" ">
    <subfield code="a">oai:cds.cern.ch:2201527</subfield>
    <subfield code="p">cerncds:MEMORIAV</subfield>
  </datafield>
  <datafield tag="041" ind1=" " ind2=" ">
    <subfield code="a">eng</subfield>
  </datafield>
  <datafield tag="041" ind1=" " ind2=" ">
    <subfield code="9">review</subfield>
    <subfield code="a">eng</subfield>
  </datafield>
  <datafield tag="245" ind1=" " ind2=" ">
    <subfield code="a">ATLAS Plenary Session</subfield>
  </datafield>
  <datafield tag="246" ind1=" " ind2=" ">
    <subfield code="n">1</subfield>
  </datafield>
  <datafield tag="246" ind1=" " ind2=" ">
    <subfield code="n">2</subfield>
  </datafield>
  <datafield tag="246" ind1=" " ind2=" ">
    <subfield code="n">3</subfield>
  </datafield>
  <datafield tag="246" ind1=" " ind2=" ">
    <subfield code="n">4</subfield>
  </datafield>
  <datafield tag="260" ind1=" " ind2=" ">
    <subfield code="c">2005</subfield>
  </datafield>
  <datafield tag="260" ind1=" " ind2=" ">
    <subfield code="9">review</subfield>
    <subfield code="c">2005 0</subfield>
  </datafield>
  <datafield tag="337" ind1=" " ind2=" ">
    <subfield code="a">Video</subfield>
  </datafield>
  <datafield tag="340" ind1=" " ind2=" ">
    <subfield code="a">DVD</subfield>
  </datafield>
  <datafield tag="500" ind1=" " ind2=" ">
    <subfield code="a">The video was digitized from its original recording as part of the CERN Digital Memory project</subfield>
  </datafield>
  <datafield tag="514" ind1=" " ind2=" ">
    <subfield code="8">1</subfield>
    <subfield code="a">Audio present but not on all channels -  No Audio Left Channel (silence) -</subfield>
  </datafield>
  <datafield tag="514" ind1=" " ind2=" ">
    <subfield code="8">2</subfield>
    <subfield code="a">Incomplete program -</subfield>
  </datafield>
  <datafield tag="514" ind1=" " ind2=" ">
    <subfield code="8">3</subfield>
    <subfield code="a">Incomplete program -</subfield>
  </datafield>
  <datafield tag="518" ind1=" " ind2=" ">
    <subfield code="a">01-07-2005</subfield>
  </datafield>
  <datafield tag="520" ind1=" " ind2=" ">
    <subfield code="8">1</subfield>
    <subfield code="9">review</subfield>
    <subfield code="a">A series of talks on the ATLAS experiment</subfield>
  </datafield>
  <datafield tag="542" ind1=" " ind2=" ">
    <subfield code="d">CERN</subfield>
    <subfield code="g">2005</subfield>
  </datafield>
  <datafield tag="542" ind1="1" ind2=" ">
    <subfield code="9">review</subfield>
    <subfield code="d">CERN</subfield>
    <subfield code="g">2005 0</subfield>
  </datafield>
  <datafield tag="583" ind1="1" ind2=" ">
    <subfield code="2">pda</subfield>
    <subfield code="3">DVD</subfield>
    <subfield code="5">SzGeCERN</subfield>
    <subfield code="6">WEEK10-public</subfield>
    <subfield code="8">1</subfield>
    <subfield code="a">digitized</subfield>
    <subfield code="b">D1V1: Digital Signal - DVD</subfield>
    <subfield code="c">20180312</subfield>
    <subfield code="f">CERN Digital Memory Project</subfield>
    <subfield code="f">public</subfield>
    <subfield code="i">CREATE-MARC-run20180622_170551</subfield>
    <subfield code="k">PICTURAE</subfield>
    <subfield code="l">Part 1</subfield>
    <subfield code="u">https://cds.cern.ch/record/2257246</subfield>
    <subfield code="x">- VISUAL INSPECTION TABLE timing: from 19/02/2018 14:36 to 19/02/2018 14:36 -
 - DVD-Station timing: from 20/02/2018 11:00 to 20/02/2018 12:49 -
 - MANUAL QC GEN timing: from 20/02/2018 12:49 to 20/02/2018 12:49 -
 - MANUAL QC GEN timing: from 26/02/2018 22:25 to 26/02/2018 22:25 -
 - FILE_PRESENCE timing: from 26/02/2018 22:25 to 26/02/2018 22:25 -
 - MANUAL QC GEN timing: from 12/03/2018 23:06 to 12/03/2018 23:06 -
 - FILE_PRESENCE timing: from 12/03/2018 23:06 to 12/03/2018 23:06 -</subfield>
    <subfield code="z">- VISUAL INSPECTION TABLE of DVD () true  - 
 - DVD-Station of DVD () true Audio present but not on all channels | No Audio Left Channel (silence) - 
 - MANUAL QC GEN of DVD () true  - 
 - MANUAL QC GEN of DVD () true  - 
 - FILE_PRESENCE of DVD () true  - 
 - MANUAL QC GEN of DVD () true  - 
 - FILE_PRESENCE of DVD () true  -</subfield>
  </datafield>
  <datafield tag="583" ind1="1" ind2=" ">
    <subfield code="2">pda</subfield>
    <subfield code="3">DVD</subfield>
    <subfield code="5">SzGeCERN</subfield>
    <subfield code="6">WEEK10-public</subfield>
    <subfield code="8">2</subfield>
    <subfield code="a">digitized</subfield>
    <subfield code="b">D1V1: Digital Signal - DVD</subfield>
    <subfield code="c">20180219</subfield>
    <subfield code="f">CERN Digital Memory Project</subfield>
    <subfield code="f">public</subfield>
    <subfield code="i">CREATE-MARC-run20180622_170551</subfield>
    <subfield code="k">PICTURAE</subfield>
    <subfield code="l">Part 2</subfield>
    <subfield code="u">https://cds.cern.ch/record/2257246</subfield>
    <subfield code="x">- VISUAL INSPECTION TABLE timing: from 16/02/2018 09:20 to 16/02/2018 09:20 -
 - DVD-Station timing: from 16/02/2018 12:05 to 16/02/2018 12:18 -
 - MANUAL QC GEN timing: from 17/02/2018 00:54 to 17/02/2018 00:54 -
 - FILE_PRESENCE timing: from 17/02/2018 00:54 to 17/02/2018 00:54 -
 - MANUAL QC GEN timing: from 19/02/2018 08:28 to 19/02/2018 08:28 -
 - VISUAL INSPECTION TABLE timing: from 19/02/2018 14:37 to 19/02/2018 14:37 -</subfield>
    <subfield code="z">- VISUAL INSPECTION TABLE of DVD () true  - 
 - DVD-Station of DVD () true Incomplete program - 
 - MANUAL QC GEN of DVD () true  - 
 - FILE_PRESENCE of DVD () true  - 
 - MANUAL QC GEN of DVD () true  - 
 - VISUAL INSPECTION TABLE of DVD () true  -</subfield>
  </datafield>
  <datafield tag="583" ind1="1" ind2=" ">
    <subfield code="2">pda</subfield>
    <subfield code="3">DVD</subfield>
    <subfield code="5">SzGeCERN</subfield>
    <subfield code="6">WEEK10-public</subfield>
    <subfield code="8">3</subfield>
    <subfield code="a">digitized</subfield>
    <subfield code="b">D1V1: Digital Signal - DVD</subfield>
    <subfield code="c">20180219</subfield>
    <subfield code="f">CERN Digital Memory Project</subfield>
    <subfield code="f">public</subfield>
    <subfield code="i">CREATE-MARC-run20180622_170551</subfield>
    <subfield code="k">PICTURAE</subfield>
    <subfield code="l">Part 3</subfield>
    <subfield code="u">https://cds.cern.ch/record/2257246</subfield>
    <subfield code="x">- VISUAL INSPECTION TABLE timing: from 16/02/2018 09:20 to 16/02/2018 09:20 -
 - DVD-Station timing: from 16/02/2018 13:56 to 16/02/2018 15:14 -
 - MANUAL QC GEN timing: from 17/02/2018 00:17 to 17/02/2018 00:17 -
 - FILE_PRESENCE timing: from 17/02/2018 00:17 to 17/02/2018 00:17 -
 - MANUAL QC GEN timing: from 19/02/2018 08:28 to 19/02/2018 08:28 -</subfield>
    <subfield code="z">- VISUAL INSPECTION TABLE of DVD () true  - 
 - DVD-Station of DVD () true Incomplete program - 
 - MANUAL QC GEN of DVD () true  - 
 - FILE_PRESENCE of DVD () true  - 
 - MANUAL QC GEN of DVD () true  -</subfield>
  </datafield>
  <datafield tag="590" ind1=" " ind2=" ">
    <subfield code="8">1</subfield>
    <subfield code="9">review</subfield>
    <subfield code="a">Une s\xc3\xa9rie de conf\xc3\xa9rences sur l\'exp\xc3\xa9rience ATLAS</subfield>
  </datafield>
  <datafield tag="594" ind1=" " ind2=" ">
    <subfield code="9">review</subfield>
    <subfield code="a">Conference Speech</subfield>
  </datafield>
  <datafield tag="650" ind1="2" ind2="7">
    <subfield code="9">review</subfield>
    <subfield code="a">Accelerators</subfield>
  </datafield>
  <datafield tag="653" ind1="1" ind2=" ">
    <subfield code="9">review</subfield>
    <subfield code="a">Accelerator</subfield>
  </datafield>
  <datafield tag="653" ind1="1" ind2=" ">
    <subfield code="9">review</subfield>
    <subfield code="a">ATLAS</subfield>
  </datafield>
  <datafield tag="653" ind1="1" ind2=" ">
    <subfield code="9">review</subfield>
    <subfield code="a">Experiment</subfield>
  </datafield>
  <datafield tag="653" ind1="1" ind2=" ">
    <subfield code="9">review</subfield>
    <subfield code="a">Particle physics</subfield>
  </datafield>
  <datafield tag="690" ind1="C" ind2=" ">
    <subfield code="a">movingimages</subfield>
  </datafield>
  <datafield tag="690" ind1="C" ind2=" ">
    <subfield code="9">review</subfield>
    <subfield code="a">reviewed</subfield>
  </datafield>
  <datafield tag="852" ind1=" " ind2=" ">
    <subfield code="a">510-R-036</subfield>
    <subfield code="c">CM-A00000010</subfield>
  </datafield>
  <datafield tag="856" ind1="4" ind2=" ">
    <subfield code="2">EOS</subfield>
    <subfield code="8">1</subfield>
    <subfield code="q">MP4</subfield>
    <subfield code="s">488135206</subfield>
    <subfield code="u">https://cern.ch/digital-memory/media-archive/video/open/mp4/2201527-1.mp4</subfield>
    <subfield code="w">(PICTURAE:MD5)ac_D1V1_2201527-1.mp4;4e28e9459df395bfa8bfa4b19ac25ce5</subfield>
    <subfield code="y">Video-2201527-1</subfield>
    <subfield code="z">mp4 video format (640x360)</subfield>
  </datafield>
  <datafield tag="856" ind1="4" ind2=" ">
    <subfield code="2">EOS</subfield>
    <subfield code="8">2</subfield>
    <subfield code="i">Video with subtitles</subfield>
    <subfield code="q">MP4</subfield>
    <subfield code="s">1137724431</subfield>
    <subfield code="u">https://cern.ch/digital-memory/media-archive/video/open/mp4/2201527-2.mp4</subfield>
    <subfield code="w">(PICTURAE:MD5)ac_D1V1_2201527-2.mp4;27c22b28e21fdfe694a29dfea8a55162</subfield>
    <subfield code="y">Video-2201527-2</subfield>
    <subfield code="z">mp4 video format (640x360)</subfield>
  </datafield>
  <datafield tag="856" ind1="4" ind2=" ">
    <subfield code="2">EOS</subfield>
    <subfield code="8">3</subfield>
    <subfield code="q">MP4</subfield>
    <subfield code="s">1138255585</subfield>
    <subfield code="u">https://cern.ch/digital-memory/media-archive/video/open/mp4/2201527-3.mp4</subfield>
    <subfield code="w">(PICTURAE:MD5)ac_D1V1_2201527-3.mp4;00f2b79ee22117ec0eed7783203e3e44</subfield>
    <subfield code="y">Video-2201527-3</subfield>
    <subfield code="z">mp4 video format (640x360)</subfield>
  </datafield>
  <datafield tag="856" ind1="7" ind2=" ">
    <subfield code="2">EOS</subfield>
    <subfield code="8">1</subfield>
    <subfield code="d">/eos/media/cds/public/www/digital-memory/media-archive/video/open/mkv/2201527-1.mkv</subfield>
    <subfield code="q">MKV</subfield>
    <subfield code="s">29721422295</subfield>
    <subfield code="w">(PICTURAE:MD5)pm_D1V1_2201527-1.mkv;f88ca4052f4eabd1e67766f9a0a7a175</subfield>
  </datafield>
  <datafield tag="856" ind1="7" ind2=" ">
    <subfield code="2">EOS</subfield>
    <subfield code="8">1</subfield>
    <subfield code="d">/eos/media/cds/public/www/digital-memory/media-archive/video/open/mov/2201527-1.mov</subfield>
    <subfield code="q">MOV</subfield>
    <subfield code="s">10194440297</subfield>
    <subfield code="w">(PICTURAE:MD5)am_D1V1_2201527-1.mov;ea03d33b7594ae220300cde690fdb920</subfield>
  </datafield>
  <datafield tag="856" ind1="7" ind2=" ">
    <subfield code="2">EOS</subfield>
    <subfield code="8">2</subfield>
    <subfield code="d">/eos/media/cds/public/www/digital-memory/media-archive/video/open/mkv/2201527-2.mkv</subfield>
    <subfield code="q">MKV</subfield>
    <subfield code="s">72035872336</subfield>
    <subfield code="w">(PICTURAE:MD5)pm_D1V1_2201527-2.mkv;b729fa9f85e45b82d190905ff5c57ff3</subfield>
  </datafield>
  <datafield tag="856" ind1="7" ind2=" ">
    <subfield code="2">EOS</subfield>
    <subfield code="8">2</subfield>
    <subfield code="d">/eos/media/cds/public/www/digital-memory/media-archive/video/open/mov/2201527-2.mov</subfield>
    <subfield code="q">MOV</subfield>
    <subfield code="s">22921781099</subfield>
    <subfield code="w">(PICTURAE:MD5)am_D1V1_2201527-2.mov;0aa9032ff4fe5df1e329f3750eae85a2</subfield>
  </datafield>
  <datafield tag="856" ind1="7" ind2=" ">
    <subfield code="2">EOS</subfield>
    <subfield code="8">3</subfield>
    <subfield code="d">/eos/media/cds/public/www/digital-memory/media-archive/video/open/mkv/2201527-3.mkv</subfield>
    <subfield code="q">MKV</subfield>
    <subfield code="s">66594919119</subfield>
    <subfield code="w">(PICTURAE:MD5)pm_D1V1_2201527-3.mkv;c1baddc847635725290ccda88bbf17d0</subfield>
  </datafield>
  <datafield tag="856" ind1="7" ind2=" ">
    <subfield code="2">EOS</subfield>
    <subfield code="8">3</subfield>
    <subfield code="d">/eos/media/cds/public/www/digital-memory/media-archive/video/open/mov/2201527-3.mov</subfield>
    <subfield code="q">MOV</subfield>
    <subfield code="s">23067687209</subfield>
    <subfield code="w">(PICTURAE:MD5)am_D1V1_2201527-3.mov;a3b49a561ec3866aa176822dc84fee38</subfield>
  </datafield>
  <datafield tag="960" ind1=" " ind2=" ">
    <subfield code="a">85</subfield>
  </datafield>
  <datafield tag="960" ind1=" " ind2=" ">
    <subfield code="a">200</subfield>
  </datafield>
  <datafield tag="963" ind1=" " ind2=" ">
    <subfield code="a">PUBLIC</subfield>
  </datafield>
  <datafield tag="963" ind1=" " ind2=" ">
    <subfield code="9">review</subfield>
    <subfield code="a">PUBLIC</subfield>
  </datafield>
  <datafield tag="980" ind1=" " ind2=" ">
    <subfield code="a">VIDEOARC</subfield>
  </datafield>
</record>