
</collection>
<collection xmlns="http://www.loc.gov/MARC21/slim">
<record>
  <controlfield tag="001">2201522</controlfield>
  <controlfield tag="005">20210326220336.0</controlfield>
  <datafield tag="024" ind1="8" ind2=" ">
    <subfield code="a">oai:cds.cern.ch:2201522</subfield>
    <subfield code="p">cerncds:MEMORIAV</subfield>
  </datafield>
  <datafield tag="041" ind1=" " ind2=" ">
    <subfield code="9">review</subfield>
    <subfield code="a">fre</subfield>
  </datafield>
  <datafield tag="245" ind1=" " ind2=" ">
    <subfield code="a">Intro Alcohol Prevention</subfield>
  </datafield>
  <datafield tag="246" ind1=" " ind2=" ">
    <subfield code="n">1</subfield>
  </datafield>
  <datafield tag="246" ind1=" " ind2=" ">
    <subfield code="n">2</subfield>
  </datafield>
  <datafield tag="260" ind1=" " ind2=" ">
    <subfield code="9">review Mar2021</subfield>
    <subfield code="c">2004</subfield>
    <subfield code="8">2a</subfield>
  </datafield>
  <datafield tag="269" ind1=" " ind2=" ">
    <subfield code="9">review Mar2021</subfield>
    <subfield code="c">2004-11-24</subfield>
  </datafield>
  <datafield tag="337" ind1=" " ind2=" ">
    <subfield code="a">Video</subfield>
  </datafield>
  <datafield tag="340" ind1=" " ind2=" ">
    <subfield code="a">DVD</subfield>
  </datafield>
  <datafield tag="500" ind1=" " ind2=" ">
    <subfield code="a">The video was digitized from its original recording as part of the CERN Digital Memory project</subfield>
  </datafield>
  <datafield tag="511" ind1="1" ind2=" ">
    <subfield code="9">review</subfield>
    <subfield code="8">1</subfield>
    <subfield code="a">Dwight Rodrick</subfield>
  </datafield>
  <datafield tag="514" ind1=" " ind2=" ">
    <subfield code="a">Audio present but not on all channels -  Low audio level - poor quality - out of phase -  Low RF, noisy picture -  No Audio Left Channel (silence) -  </subfield>
    <subfield code="8">2</subfield>
  </datafield>
  <datafield tag="542" ind1=" " ind2=" ">
    <subfield code="d">CERN</subfield>
  </datafield>
  <datafield tag="542" ind1="1" ind2=" ">
    <subfield code="9">review</subfield>
    <subfield code="d">CERN</subfield>
  </datafield>
  <datafield tag="542" ind1="1" ind2=" ">
    <subfield code="9">review Mar2021</subfield>
    <subfield code="d">CERN</subfield>
  </datafield>
  <datafield tag="583" ind1="1" ind2=" ">
    <subfield code="i">CREATE-MARC-run20180622_170425</subfield>
    <subfield code="a">digitized</subfield>
    <subfield code="2">pda</subfield>
    <subfield code="f">CERN Digital Memory Project</subfield>
    <subfield code="k">PICTURAE</subfield>
    <subfield code="u">https://cds.cern.ch/record/2257246</subfield>
    <subfield code="5">SzGeCERN</subfield>
    <subfield code="6">WEEK07-public</subfield>
    <subfield code="b">D1V1: Digital Signal - DVD</subfield>
    <subfield code="8">1</subfield>
    <subfield code="3"> DVD </subfield>
    <subfield code="f">public</subfield>
    <subfield code="l"> Intro Alcohol Prevention </subfield>
    <subfield code="z">
 - VISUAL INSPECTION TABLE of DVD () true  - 
 - DVD-Station of DVD () true  - 
 - MANUAL QC GEN of DVD () true  - 
 - MANUAL QC GEN of DVD () true  - 
 - FILE_PRESENCE of DVD () true  - 
      </subfield>
    <subfield code="x">
 - VISUAL INSPECTION TABLE timing: from 12/02/2018 10:43 to 12/02/2018 10:43 -
 - DVD-Station timing: from 12/02/2018 12:07 to 12/02/2018 15:04 -
 - MANUAL QC GEN timing: from 12/02/2018 16:47 to 12/02/2018 16:47 -
 - MANUAL QC GEN timing: from 16/02/2018 04:10 to 16/02/2018 04:10 -
 - FILE_PRESENCE timing: from 16/02/2018 04:10 to 16/02/2018 04:10 -
       </subfield>
    <subfield code="c">20180216</subfield>
  </datafield>
  <datafield tag="583" ind1="1" ind2=" ">
    <subfield code="i">CREATE-MARC-run20180622_170425</subfield>
    <subfield code="a">digitized</subfield>
    <subfield code="2">pda</subfield>
    <subfield code="f">CERN Digital Memory Project</subfield>
    <subfield code="k">PICTURAE</subfield>
    <subfield code="u">https://cds.cern.ch/record/2257246</subfield>
    <subfield code="5">SzGeCERN</subfield>
    <subfield code="6">WEEK07-public</subfield>
    <subfield code="b">D1V1: Digital Signal - DVD</subfield>
    <subfield code="8">2</subfield>
    <subfield code="3"> DVD </subfield>
    <subfield code="f">public</subfield>
    <subfield code="l"> Intro Alcohol Prevention 2 </subfield>
    <subfield code="z">
 - VISUAL INSPECTION TABLE of DVD () true  - 
 - DVD-Station of DVD () true  - 
 - MANUAL QC GEN of DVD () true  - 
 - MANUAL QC GEN of DVD () true  - 
 - FILE_PRESENCE of DVD () true  - 
 - VISUAL INSPECTION TABLE of DVD () true  - 
 - DVD-Station of DVD () true No Audio Left Channel (silence) | Audio present but not on all channels | Low RF, noisy picture | Low audio level - poor quality - out of phase - 
 - MANUAL QC GEN of DVD () true  - 
      </subfield>
    <subfield code="x">
 - VISUAL INSPECTION TABLE timing: from 12/02/2018 10:43 to 12/02/2018 10:43 -
 - DVD-Station timing: from 12/02/2018 16:22 to 12/02/2018 16:49 -
 - MANUAL QC GEN timing: from 12/02/2018 16:49 to 12/02/2018 16:49 -
 - MANUAL QC GEN timing: from 16/02/2018 00:09 to 16/02/2018 00:09 -
 - FILE_PRESENCE timing: from 16/02/2018 00:09 to 16/02/2018 00:09 -
 - VISUAL INSPECTION TABLE timing: from 21/02/2018 09:57 to 21/02/2018 09:57 -
 - DVD-Station timing: from 14/03/2018 15:12 to 14/03/2018 16:08 -
 - MANUAL QC GEN timing: from 14/03/2018 16:08 to 14/03/2018 16:08 -
       </subfield>
    <subfield code="c">20180314</subfield>
  </datafield>
  <datafield tag="583" ind1="1" ind2=" ">
    <subfield code="2">pda</subfield>
    <subfield code="5">SzGeCERN</subfield>
    <subfield code="a">digitized</subfield>
    <subfield code="c">202103</subfield>
    <subfield code="f">CERN Digital Memory Project</subfield>
    <subfield code="i">OPEN-REFINE Project Mar2021 New HDD</subfield>
    <subfield code="k">PICTURAE</subfield>
    <subfield code="u">https://cds.cern.ch/record/2257246</subfield>
  </datafield>
  <datafield tag="583" ind1="1" ind2=" ">
    <subfield code="3">DVD</subfield>
    <subfield code="6">disks/DELIVERY92</subfield>
    <subfield code="b">D1V1</subfield>
    <subfield code="n">120,805333333333</subfield>
    <subfield code="o">minutes</subfield>
    <subfield code="8">2a</subfield>
  </datafield>
  <datafield tag="583" ind1=" " ind2=" ">
    <subfield code="a">curation</subfield>
    <subfield code="c">Decembre 2020</subfield>
    <subfield code="8">2a</subfield>
    <subfield code="z"> -Audio: TRUE -Video Signal: TRUE -Multiple: FALSE -Relevant to CERN: TRUE -Duplicate: FALSE</subfield>
  </datafield>
  <datafield tag="590" ind1=" " ind2=" ">
    <subfield code="9">review</subfield>
    <subfield code="8">1</subfield>
    <subfield code="a">Risques li\xc3\xa9s a l\'alcool, abus d\'alcool, acteurs de l\'alcool, alcool et travail</subfield>
  </datafield>
  <datafield tag="594" ind1=" " ind2=" ">
    <subfield code="9">review</subfield>
    <subfield code="a">Conference Speech</subfield>
  </datafield>
  <datafield tag="594" ind1=" " ind2=" ">
    <subfield code="9">review Mar2021</subfield>
    <subfield code="8">2a</subfield>
    <subfield code="a">Conference Speech</subfield>
  </datafield>
  <datafield tag="650" ind1="2" ind2="7">
    <subfield code="9">review</subfield>
    <subfield code="a">Portraits of science</subfield>
  </datafield>
  <datafield tag="650" ind1="2" ind2="7">
    <subfield code="9">review Mar2021</subfield>
    <subfield code="a">Outside the lab</subfield>
  </datafield>
  <datafield tag="653" ind1="1" ind2=" ">
    <subfield code="9">review</subfield>
    <subfield code="8">1</subfield>
    <subfield code="a">Alcool</subfield>
  </datafield>
  <datafield tag="653" ind1="1" ind2=" ">
    <subfield code="9">review</subfield>
    <subfield code="8">1</subfield>
    <subfield code="a">co\xc3\xbbt de l\'alcool</subfield>
  </datafield>
  <datafield tag="653" ind1="1" ind2=" ">
    <subfield code="9">review</subfield>
    <subfield code="8">1</subfield>
    <subfield code="a">d\xc3\xa9pendance \xc3\xa0 l\'alcool</subfield>
  </datafield>
  <datafield tag="653" ind1="1" ind2=" ">
    <subfield code="9">review</subfield>
    <subfield code="8">1</subfield>
    <subfield code="a">probl\xc3\xa8mes li\xc3\xa9s l\'alcool</subfield>
  </datafield>
  <datafield tag="653" ind1="1" ind2=" ">
    <subfield code="9">review</subfield>
    <subfield code="8">2</subfield>
    <subfield code="a">Alccol</subfield>
  </datafield>
  <datafield tag="653" ind1="1" ind2=" ">
    <subfield code="9">review</subfield>
    <subfield code="8">2</subfield>
    <subfield code="a">stades de changement de l\'alcool</subfield>
  </datafield>
  <datafield tag="653" ind1="1" ind2=" ">
    <subfield code="9">review</subfield>
    <subfield code="8">2</subfield>
    <subfield code="a">alcool et travail</subfield>
  </datafield>
  <datafield tag="653" ind1="1" ind2=" ">
    <subfield code="9">review Mar2021</subfield>
    <subfield code="8">2a</subfield>
    <subfield code="a">TBC</subfield>
  </datafield>
  <datafield tag="690" ind1="C" ind2=" ">
    <subfield code="a">movingimages</subfield>
  </datafield>
  <datafield tag="690" ind1="C" ind2=" ">
    <subfield code="9">CERN QA</subfield>
    <subfield code="a">quality-controlled</subfield>
  </datafield>
  <datafield tag="690" ind1="C" ind2=" ">
    <subfield code="9">review</subfield>
    <subfield code="a">reviewed</subfield>
  </datafield>
  <datafield tag="852" ind1=" " ind2=" ">
    <subfield code="a">510-R-036</subfield>
    <subfield code="c">CM-A00000010</subfield>
  </datafield>
  <datafield tag="852" ind1=" " ind2=" ">
    <subfield code="9">Guess</subfield>
    <subfield code="a">510-R-036</subfield>
    <subfield code="c">CM-A00000010</subfield>
    <subfield code="x">DVD</subfield>
  </datafield>
  <datafield tag="856" ind1="4" ind2=" ">
    <subfield code="2">EOS</subfield>
    <subfield code="q">MP4</subfield>
    <subfield code="u">https://cern.ch/digital-memory/media-archive/video/open/mp4/2201522-1.mp4</subfield>
    <subfield code="s">1136289539</subfield>
    <subfield code="y">Video-2201522-1</subfield>
    <subfield code="z">mp4 video format (640x360)</subfield>
    <subfield code="w">(PICTURAE:MD5)ac_D1V1_2201522-1.mp4;ed514c1749b1229bf532372b2b0721eb</subfield>
    <subfield code="8">1</subfield>
  </datafield>
  <datafield tag="856" ind1="7" ind2=" ">
    <subfield code="2">EOS</subfield>
    <subfield code="q">MKV</subfield>
    <subfield code="d">/eos/media/cds/public/www/digital-memory/media-archive/video/open/mkv/2201522-1.mkv</subfield>
    <subfield code="s">50927966368</subfield>
    <subfield code="w">(PICTURAE:MD5)pm_D1V1_2201522-1.mkv;395f789c04c300a7719ff3f25753386e</subfield>
    <subfield code="8">1</subfield>
  </datafield>
  <datafield tag="856" ind1="7" ind2=" ">
    <subfield code="2">EOS</subfield>
    <subfield code="q">MOV</subfield>
    <subfield code="d">/eos/media/cds/public/www/digital-memory/media-archive/video/open/mov/2201522-1.mov</subfield>
    <subfield code="s">21682284264</subfield>
    <subfield code="w">(PICTURAE:MD5)am_D1V1_2201522-1.mov;3f5eefbbfa6dce07a550cea1ce7986b8</subfield>
    <subfield code="8">1</subfield>
  </datafield>
  <datafield tag="856" ind1="4" ind2=" ">
    <subfield code="2">EOS</subfield>
    <subfield code="q">MP4</subfield>
    <subfield code="u">https://cern.ch/digital-memory/media-archive/video/open/mp4/2201522-2.mp4</subfield>
    <subfield code="s">683246122</subfield>
    <subfield code="y">Video-2201522-2</subfield>
    <subfield code="z">mp4 video format (640x360)</subfield>
    <subfield code="w">(PICTURAE:MD5)ac_D1V1_2201522-2.mp4;d237b0922e0bb476dc7534cf0bcebe66</subfield>
    <subfield code="8">2</subfield>
  </datafield>
  <datafield tag="856" ind1="7" ind2=" ">
    <subfield code="2">EOS</subfield>
    <subfield code="q">MKV</subfield>
    <subfield code="d">/eos/media/cds/public/www/digital-memory/media-archive/video/open/mkv/2201522-2.mkv</subfield>
    <subfield code="s">36679976563</subfield>
    <subfield code="w">(PICTURAE:MD5)pm_D1V1_2201522-2.mkv;152138ed9e402e028c9637065a5ba94a</subfield>
    <subfield code="8">2</subfield>
  </datafield>
  <datafield tag="856" ind1="7" ind2=" ">
    <subfield code="2">EOS</subfield>
    <subfield code="q">MOV</subfield>
    <subfield code="d">/eos/media/cds/public/www/digital-memory/media-archive/video/open/mov/2201522-2.mov</subfield>
    <subfield code="s">14192083733</subfield>
    <subfield code="w">(PICTURAE:MD5)am_D1V1_2201522-2.mov;3384db97ce39831af62d647fabb4d24d</subfield>
    <subfield code="8">2</subfield>
  </datafield>
  <datafield tag="856" ind1="4" ind2=" ">
    <subfield code="2">EOS</subfield>
    <subfield code="q">MP4</subfield>
    <subfield code="u">https://cern.ch/digital-memory/media-archive/video/open/mp4/2201522-2a.mp4</subfield>
    <subfield code="y">Video-2201522-2a</subfield>
    <subfield code="z">mp4 video format (640x360)</subfield>
    <subfield code="w">(PICTURAE:MD5)ac_D1V1_2201522-2a.mp4;5aeec496da2fe8c1e166ef794b147cd8</subfield>
  </datafield>
  <datafield tag="856" ind1="7" ind2=" ">
    <subfield code="2">EOS</subfield>
    <subfield code="q">MOV</subfield>
    <subfield code="d">/eos/media/cds/public/www/digital-memory/media-archive/video/open/mov/2201522-2a.mov</subfield>
    <subfield code="w">(PICTURAE:MD5)am_D1V1_2201522-2a.mov;4cdd8ad89aec86b53390a744e02ab3f5</subfield>
  </datafield>
  <datafield tag="856" ind1="7" ind2=" ">
    <subfield code="2">EOS</subfield>
    <subfield code="q">MKV</subfield>
    <subfield code="d">/eos/media/cds/public/www/digital-memory/media-archive/video/open/mkv/2201522-2a.mkv</subfield>
    <subfield code="w">(PICTURAE:MD5)pm_D1V1_2201522-2a.mkv;b6daebe9ab3a45aff7565a92f07df323</subfield>
  </datafield>
  <datafield tag="960" ind1=" " ind2=" ">
    <subfield code="a">85</subfield>
  </datafield>
  <datafield tag="960" ind1=" " ind2=" ">
    <subfield code="a">200</subfield>
  </datafield>
  <datafield tag="961" ind1=" " ind2=" ">
    <subfield code="a">Tom Barth\xc3\xa9l\xc3\xa9my</subfield>
    <subfield code="b">Curator</subfield>
    <subfield code="x">2021-03-01</subfield>
  </datafield>
  <datafield tag="963" ind1=" " ind2=" ">
    <subfield code="a">PUBLIC</subfield>
  </datafield>
  <datafield tag="963" ind1=" " ind2=" ">
    <subfield code="9">review</subfield>
    <subfield code="a">PUBLIC</subfield>
  </datafield>
  <datafield tag="963" ind1=" " ind2=" ">
    <subfield code="9">review
</subfield>
    <subfield code="a">PUBLIC</subfield>
    <subfield code="8">2a</subfield>
  </datafield>
  <datafield tag="980" ind1=" " ind2=" ">
    <subfield code="a">VIDEOARC</subfield>
  </datafield>
</record>