
</collection>
<collection xmlns="http://www.loc.gov/MARC21/slim">
<record>
  <controlfield tag="001">2200322</controlfield>
  <controlfield tag="005">20210329093044.0</controlfield>
  <datafield tag="024" ind1="8" ind2=" ">
    <subfield code="a">oai:cds.cern.ch:2200322</subfield>
    <subfield code="q">cerncds:MEMORIAV</subfield>
  </datafield>
  <datafield tag="245" ind1=" " ind2=" ">
    <subfield code="a">Monorail Maquette</subfield>
  </datafield>
  <datafield tag="260" ind1=" " ind2=" ">
    <subfield code="9">review Mar2021</subfield>
    <subfield code="c">1988</subfield>
  </datafield>
  <datafield tag="269" ind1=" " ind2=" ">
    <subfield code="9">review Mar2021</subfield>
    <subfield code="c">1988-07-01</subfield>
  </datafield>
  <datafield tag="337" ind1=" " ind2=" ">
    <subfield code="a">Video</subfield>
  </datafield>
  <datafield tag="340" ind1=" " ind2=" ">
    <subfield code="a">VHS</subfield>
  </datafield>
  <datafield tag="500" ind1=" " ind2=" ">
    <subfield code="a">The video was digitized from its original recording as part of the CERN Digital Memory project</subfield>
  </datafield>
  <datafield tag="514" ind1=" " ind2=" ">
    <subfield code="a">High frequency interference pattern -  Low audio level - poor quality - out of phase -  Low RF, noisy picture -  Noisy / Saturated audio -  Video tracking issue -  </subfield>
  </datafield>
  <datafield tag="542" ind1=" " ind2=" ">
    <subfield code="d">CERN</subfield>
  </datafield>
  <datafield tag="542" ind1=" " ind2=" ">
    <subfield code="a">cern</subfield>
  </datafield>
  <datafield tag="542" ind1="1" ind2=" ">
    <subfield code="9">CERN QA</subfield>
    <subfield code="a"></subfield>
  </datafield>
  <datafield tag="542" ind1="1" ind2=" ">
    <subfield code="9">review Mar2021</subfield>
    <subfield code="d">CERN</subfield>
  </datafield>
  <datafield tag="583" ind1="1" ind2=" ">
    <subfield code="i">CREATE-MARC-run20180622_170314</subfield>
    <subfield code="a">digitized</subfield>
    <subfield code="2">pda</subfield>
    <subfield code="f">CERN Digital Memory Project</subfield>
    <subfield code="k">PICTURAE</subfield>
    <subfield code="u">https://cds.cern.ch/record/2257246</subfield>
    <subfield code="5">SzGeCERN</subfield>
    <subfield code="6">WEEK04-public</subfield>
    <subfield code="b">C1V1: Composite\tSignal - U-Matic,\xc2\xa0U-Matic SP,\xc2\xa0VHS, 1 inch C, 1 inch B, Video , Betamax </subfield>
    <subfield code="3"> VHS </subfield>
    <subfield code="f">public</subfield>
    <subfield code="z">
 - VISUAL INSPECTION TABLE of VHS () true  - 
 - RTI VT 460 of VHS () true  - 
 - MAC-V410 of VHS () false High frequency interference pattern | Video tracking issue | Low RF, noisy picture - 
 - OVEN of VHS () true  - 
 - RTI VT 460 of VHS () true  - 
 - MAC-V412 of VHS () false Video tracking issue | Low RF, noisy picture - 
 - OVEN of VHS () true  - 
 - RTI VT 460 of VHS () true  - 
 - MAC-V412 of VHS () true Low RF, noisy picture | Video tracking issue | High frequency interference pattern | Low audio level - poor quality - out of phase | Noisy / Saturated audio - 
 - MANUAL QC GEN of VHS () true  - 
 - MANUAL QC GEN of VHS () true  - 
 - FILE_PRESENCE of VHS () true  - 
      </subfield>
    <subfield code="x">
 - VISUAL INSPECTION TABLE timing: from 15/01/2018 18:36 to 15/01/2018 18:36 -
 - RTI VT 460 timing: from 15/01/2018 18:40 to 15/01/2018 18:40 -
 - MAC-V410 timing: from 16/01/2018 11:06 to 16/01/2018 11:21 -
 - OVEN timing: from 17/01/2018 19:16 to 19/01/2018 10:11 -
 - RTI VT 460 timing: from 19/01/2018 10:11 to 19/01/2018 10:47 -
 - MAC-V412 timing: from 19/01/2018 10:48 to 19/01/2018 10:49 -
 - OVEN timing: from 19/01/2018 11:02 to 25/01/2018 09:58 -
 - RTI VT 460 timing: from 25/01/2018 10:12 to 25/01/2018 10:12 -
 - MAC-V412 timing: from 25/01/2018 10:26 to 25/01/2018 11:28 -
 - MANUAL QC GEN timing: from 25/01/2018 11:28 to 25/01/2018 11:28 -
 - MANUAL QC GEN timing: from 25/01/2018 22:55 to 25/01/2018 22:55 -
 - FILE_PRESENCE timing: from 25/01/2018 22:55 to 25/01/2018 22:55 -
       </subfield>
    <subfield code="c">20180125</subfield>
  </datafield>
  <datafield tag="583" ind1="1" ind2=" ">
    <subfield code="2">pda</subfield>
    <subfield code="5">SzGeCERN</subfield>
    <subfield code="a">digitized</subfield>
    <subfield code="c">202103</subfield>
    <subfield code="f">CERN Digital Memory Project</subfield>
    <subfield code="i">OPEN-REFINE Project Mar2021 New HDD</subfield>
    <subfield code="k">PICTURAE</subfield>
    <subfield code="u">https://cds.cern.ch/record/2257246</subfield>
  </datafield>
  <datafield tag="583" ind1="1" ind2=" ">
    <subfield code="3">VHS</subfield>
    <subfield code="b">C1V1</subfield>
    <subfield code="n">58,3433333333333</subfield>
    <subfield code="o">minutes</subfield>
    <subfield code="x">Video tracking issue</subfield>
  </datafield>
  <datafield tag="583" ind1=" " ind2=" ">
    <subfield code="a">curation</subfield>
    <subfield code="c">Decembre 2020</subfield>
    <subfield code="z"> -Audio: TRUE -Video Signal: TRUE -Multiple:  -Relevant to CERN: TRUE -Duplicate: </subfield>
  </datafield>
  <datafield tag="590" ind1=" " ind2=" ">
    <subfield code="9">CERN QA</subfield>
    <subfield code="a">tunnel du LEP , travaux </subfield>
  </datafield>
  <datafield tag="590" ind1=" " ind2=" ">
    <subfield code="9">review Mar2021</subfield>
    <subfield code="a">Les premiere testes du Monorail, mai1985; pose et soudure deu rail juin 1987; pose des supports du monorail juillet 1988</subfield>
  </datafield>
  <datafield tag="594" ind1=" " ind2=" ">
    <subfield code="9">CERN QA</subfield>
    <subfield code="a">Movie</subfield>
  </datafield>
  <datafield tag="594" ind1=" " ind2=" ">
    <subfield code="9">review Mar2021</subfield>
    <subfield code="a">Footage</subfield>
  </datafield>
  <datafield tag="650" ind1="2" ind2="7">
    <subfield code="9">CERN QA</subfield>
    <subfield code="a">Accelerators</subfield>
  </datafield>
  <datafield tag="650" ind1="2" ind2="7">
    <subfield code="9">review Mar2021</subfield>
    <subfield code="a">Machines</subfield>
  </datafield>
  <datafield tag="653" ind1="1" ind2=" ">
    <subfield code="9">CERN QA</subfield>
    <subfield code="a">LEP , train , tunnel </subfield>
  </datafield>
  <datafield tag="653" ind1="1" ind2=" ">
    <subfield code="9">review Mar2021</subfield>
    <subfield code="a">LEP</subfield>
  </datafield>
  <datafield tag="653" ind1="1" ind2=" ">
    <subfield code="9">review Mar2021</subfield>
    <subfield code="a">Monorail</subfield>
  </datafield>
  <datafield tag="690" ind1="C" ind2=" ">
    <subfield code="a">movingimages</subfield>
  </datafield>
  <datafield tag="690" ind1="C" ind2=" ">
    <subfield code="9">CERN QA</subfield>
    <subfield code="a">quality-controlled</subfield>
  </datafield>
  <datafield tag="852" ind1=" " ind2=" ">
    <subfield code="a">510-R-036</subfield>
    <subfield code="c">CM-A00000009</subfield>
  </datafield>
  <datafield tag="856" ind1="4" ind2=" ">
    <subfield code="2">EOS</subfield>
    <subfield code="q">MP4</subfield>
    <subfield code="u">https://cern.ch/digital-memory/media-archive/video/cern/mp4/2200322.mp4</subfield>
    <subfield code="s">546674040</subfield>
    <subfield code="y">Video-2200322</subfield>
    <subfield code="z">mp4 video format (640x360)</subfield>
    <subfield code="w">(PICTURAE:MD5)ac_C1V1_2200322.mp4;fa074627b193017efd5acb89202db8fd</subfield>
  </datafield>
  <datafield tag="856" ind1="7" ind2=" ">
    <subfield code="2">EOS</subfield>
    <subfield code="q">MKV</subfield>
    <subfield code="d">/eos/media/cds/public/www/digital-memory/media-archive/video/cern/mkv/2200322.mkv</subfield>
    <subfield code="s">43858277949</subfield>
    <subfield code="w">(PICTURAE:MD5)pm_C1V1_2200322.mkv;86063924820bf185062ff2a3c8b0405c</subfield>
  </datafield>
  <datafield tag="856" ind1="7" ind2=" ">
    <subfield code="2">EOS</subfield>
    <subfield code="q">MOV</subfield>
    <subfield code="d">/eos/media/cds/public/www/digital-memory/media-archive/video/cern/mov/2200322.mov</subfield>
    <subfield code="s">13633451596</subfield>
    <subfield code="w">(PICTURAE:MD5)am_C1V1_2200322.mov;8896b4261e4e111a2084ecbdef88357f</subfield>
  </datafield>
  <datafield tag="960" ind1=" " ind2=" ">
    <subfield code="a">85</subfield>
  </datafield>
  <datafield tag="960" ind1=" " ind2=" ">
    <subfield code="a">200</subfield>
  </datafield>
  <datafield tag="961" ind1=" " ind2=" ">
    <subfield code="a">Tom Barth\xc3\xa9l\xc3\xa9my</subfield>
    <subfield code="b">Curator</subfield>
    <subfield code="x">2021-03-01</subfield>
  </datafield>
  <datafield tag="963" ind1=" " ind2=" ">
    <subfield code="a">PUBLIC</subfield>
  </datafield>
  <datafield tag="963" ind1=" " ind2=" ">
    <subfield code="9">review
</subfield>
    <subfield code="a">RESTRICTED</subfield>
  </datafield>
  <datafield tag="980" ind1=" " ind2=" ">
    <subfield code="a">VIDEOARC</subfield>
  </datafield>
</record>