
</collection>
<collection xmlns="http://www.loc.gov/MARC21/slim">
<record>
  <controlfield tag="001">2200178</controlfield>
  <controlfield tag="005">20210329093347.0</controlfield>
  <datafield tag="024" ind1="8" ind2=" ">
    <subfield code="a">oai:cds.cern.ch:2200178</subfield>
    <subfield code="q">cerncds:MEMORIAV</subfield>
  </datafield>
  <datafield tag="041" ind1=" " ind2=" ">
    <subfield code="9">CERN QA</subfield>
    <subfield code="8">a</subfield>
    <subfield code="a">eng</subfield>
  </datafield>
  <datafield tag="041" ind1=" " ind2=" ">
    <subfield code="9">CERN QA</subfield>
    <subfield code="8">b</subfield>
    <subfield code="a">English</subfield>
  </datafield>
  <datafield tag="245" ind1=" " ind2=" ">
    <subfield code="a">Live from CERN 10-5-00 Geneva</subfield>
  </datafield>
  <datafield tag="260" ind1=" " ind2=" ">
    <subfield code="c">2000</subfield>
  </datafield>
  <datafield tag="260" ind1=" " ind2=" ">
    <subfield code="9">review Mar2021</subfield>
    <subfield code="c">2000</subfield>
    <subfield code="8">a</subfield>
  </datafield>
  <datafield tag="337" ind1=" " ind2=" ">
    <subfield code="a">Video</subfield>
  </datafield>
  <datafield tag="340" ind1=" " ind2=" ">
    <subfield code="a">VHS</subfield>
  </datafield>
  <datafield tag="500" ind1=" " ind2=" ">
    <subfield code="a">The video was digitized from its original recording as part of the CERN Digital Memory project</subfield>
  </datafield>
  <datafield tag="511" ind1="1" ind2=" ">
    <subfield code="9">CERN QA</subfield>
    <subfield code="8">a</subfield>
    <subfield code="a">Paola , Alvero physicien , P.Diral physicien</subfield>
  </datafield>
  <datafield tag="511" ind1="1" ind2=" ">
    <subfield code="9">CERN QA</subfield>
    <subfield code="8">b</subfield>
    <subfield code="a">Paola , Alvero physicien , P.Diral physicien</subfield>
  </datafield>
  <datafield tag="511" ind1="1" ind2=" ">
    <subfield code="9">review Mar2021</subfield>
    <subfield code="8">a</subfield>
    <subfield code="a">P. Catapano. M.Storr, A. Rujula, R. Landua</subfield>
  </datafield>
  <datafield tag="511" ind1="1" ind2=" ">
    <subfield code="9">review Mar2021</subfield>
    <subfield code="8">b</subfield>
    <subfield code="a">Paola , Alvero physicien , P.Diral physicien</subfield>
  </datafield>
  <datafield tag="514" ind1=" " ind2=" ">
    <subfield code="a">High frequency interference pattern -  Low audio level - poor quality - out of phase -  Low RF, noisy picture -  Video tracking issue -  </subfield>
    <subfield code="8">a</subfield>
  </datafield>
  <datafield tag="514" ind1=" " ind2=" ">
    <subfield code="a">Low RF, noisy picture -  </subfield>
    <subfield code="8">b</subfield>
  </datafield>
  <datafield tag="518" ind1=" " ind2=" ">
    <subfield code="a">10-05-2000</subfield>
  </datafield>
  <datafield tag="542" ind1=" " ind2=" ">
    <subfield code="d">CERN</subfield>
    <subfield code="g">2000</subfield>
  </datafield>
  <datafield tag="542" ind1="1" ind2=" ">
    <subfield code="9">review Mar2021</subfield>
    <subfield code="d">CERN</subfield>
  </datafield>
  <datafield tag="583" ind1="1" ind2=" ">
    <subfield code="i">CREATE-MARC-run20180622_170314</subfield>
    <subfield code="a">digitized</subfield>
    <subfield code="2">pda</subfield>
    <subfield code="f">CERN Digital Memory Project</subfield>
    <subfield code="k">PICTURAE</subfield>
    <subfield code="u">https://cds.cern.ch/record/2257246</subfield>
    <subfield code="5">SzGeCERN</subfield>
    <subfield code="6">WEEK04-public</subfield>
    <subfield code="b">C1V1: Composite\tSignal - U-Matic,\xc2\xa0U-Matic SP,\xc2\xa0VHS, 1 inch C, 1 inch B, Video , Betamax </subfield>
    <subfield code="8">a</subfield>
    <subfield code="3"> VHS </subfield>
    <subfield code="f">public</subfield>
    <subfield code="z">
 - VISUAL INSPECTION TABLE of VHS () true  - 
 - RTI VT 460 of VHS () true  - 
 - MAC-V410 of VHS () true Low RF, noisy picture | Video tracking issue | High frequency interference pattern | Low audio level - poor quality - out of phase - 
 - MANUAL QC GEN of VHS () true  - 
 - MANUAL QC GEN of VHS () true  - 
 - FILE_PRESENCE of VHS () true  - 
      </subfield>
    <subfield code="x">
 - VISUAL INSPECTION TABLE timing: from 15/01/2018 18:43 to 15/01/2018 18:43 -
 - RTI VT 460 timing: from 25/01/2018 14:19 to 25/01/2018 14:23 -
 - MAC-V410 timing: from 25/01/2018 14:37 to 25/01/2018 16:51 -
 - MANUAL QC GEN timing: from 25/01/2018 16:51 to 25/01/2018 16:51 -
 - MANUAL QC GEN timing: from 26/01/2018 00:48 to 26/01/2018 00:48 -
 - FILE_PRESENCE timing: from 26/01/2018 00:48 to 26/01/2018 00:48 -
       </subfield>
    <subfield code="c">20180126</subfield>
  </datafield>
  <datafield tag="583" ind1="1" ind2=" ">
    <subfield code="i">CREATE-MARC-run20180622_170314</subfield>
    <subfield code="a">digitized</subfield>
    <subfield code="2">pda</subfield>
    <subfield code="f">CERN Digital Memory Project</subfield>
    <subfield code="k">PICTURAE</subfield>
    <subfield code="u">https://cds.cern.ch/record/2257246</subfield>
    <subfield code="5">SzGeCERN</subfield>
    <subfield code="6">WEEK04-public</subfield>
    <subfield code="b">C1V1: Composite\tSignal - U-Matic,\xc2\xa0U-Matic SP,\xc2\xa0VHS, 1 inch C, 1 inch B, Video , Betamax </subfield>
    <subfield code="8">b</subfield>
    <subfield code="3"> VHS </subfield>
    <subfield code="f">public</subfield>
    <subfield code="z">
 - VISUAL INSPECTION TABLE of VHS () true  - 
 - RTI VT 460 of VHS () true  - 
 - MAC-V411 of VHS () true Low RF, noisy picture - 
 - MANUAL QC GEN of VHS () true  - 
 - MANUAL QC GEN of VHS () true  - 
 - FILE_PRESENCE of VHS () true  - 
      </subfield>
    <subfield code="x">
 - VISUAL INSPECTION TABLE timing: from 15/01/2018 18:50 to 15/01/2018 18:50 -
 - RTI VT 460 timing: from 15/01/2018 19:02 to 15/01/2018 19:02 -
 - MAC-V411 timing: from 16/01/2018 09:12 to 16/01/2018 10:25 -
 - MANUAL QC GEN timing: from 16/01/2018 10:26 to 16/01/2018 10:26 -
 - MANUAL QC GEN timing: from 16/01/2018 23:08 to 16/01/2018 23:08 -
 - FILE_PRESENCE timing: from 16/01/2018 23:08 to 16/01/2018 23:08 -
       </subfield>
    <subfield code="c">20180116</subfield>
  </datafield>
  <datafield tag="583" ind1="1" ind2=" ">
    <subfield code="2">pda</subfield>
    <subfield code="5">SzGeCERN</subfield>
    <subfield code="a">digitized</subfield>
    <subfield code="c">202103</subfield>
    <subfield code="f">CERN Digital Memory Project</subfield>
    <subfield code="i">OPEN-REFINE Project Mar2021 New HDD</subfield>
    <subfield code="k">PICTURAE</subfield>
    <subfield code="u">https://cds.cern.ch/record/2257246</subfield>
  </datafield>
  <datafield tag="583" ind1="1" ind2=" ">
    <subfield code="3">VHS</subfield>
    <subfield code="b">C1V1</subfield>
    <subfield code="n">65,2433333333333</subfield>
    <subfield code="o">minutes</subfield>
    <subfield code="x">Video tracking issue</subfield>
    <subfield code="8">a</subfield>
  </datafield>
  <datafield tag="583" ind1="1" ind2=" ">
    <subfield code="3">VHS</subfield>
    <subfield code="b">C1V1</subfield>
    <subfield code="n">65,36</subfield>
    <subfield code="o">minutes</subfield>
    <subfield code="x">Low RF, noisy picture</subfield>
    <subfield code="8">b</subfield>
  </datafield>
  <datafield tag="583" ind1=" " ind2=" ">
    <subfield code="a">curation</subfield>
    <subfield code="c">Decembre 2020</subfield>
    <subfield code="8">a</subfield>
    <subfield code="z"> -Audio: TRUE -Video Signal: TRUE -Multiple:  -Relevant to CERN: TRUE -Duplicate: </subfield>
  </datafield>
  <datafield tag="583" ind1=" " ind2=" ">
    <subfield code="a">curation</subfield>
    <subfield code="c">Decembre 2020</subfield>
    <subfield code="8">b</subfield>
    <subfield code="z"> -Audio: TRUE -Video Signal: TRUE -Multiple:  -Relevant to CERN: TRUE -Action required: To be removed -Duplicate: TRUE</subfield>
  </datafield>
  <datafield tag="590" ind1=" " ind2=" ">
    <subfield code="9">CERN QA</subfield>
    <subfield code="8">a</subfield>
    <subfield code="a">conf\xc3\xa9rence pour pr\xc3\xa9senter les travaux du CERN</subfield>
  </datafield>
  <datafield tag="590" ind1=" " ind2=" ">
    <subfield code="9">CERN QA</subfield>
    <subfield code="8">b</subfield>
    <subfield code="a">conf\xc3\xa9rence pour pr\xc3\xa9senter les travaux du cern , comme le LEP </subfield>
  </datafield>
  <datafield tag="590" ind1=" " ind2=" ">
    <subfield code="9">review Mar2021</subfield>
    <subfield code="8">a</subfield>
    <subfield code="a">conference for the International school from Ferney Voltaire: antimatter, history, CERN antiproton deccelerator, AMS</subfield>
  </datafield>
  <datafield tag="590" ind1=" " ind2=" ">
    <subfield code="9">review Mar2021</subfield>
    <subfield code="8">b</subfield>
    <subfield code="a">conf\xc3\xa9rence pour pr\xc3\xa9senter les travaux du cern , comme le LEP</subfield>
  </datafield>
  <datafield tag="594" ind1=" " ind2=" ">
    <subfield code="9">CERN QA</subfield>
    <subfield code="8">a</subfield>
    <subfield code="a">Conference Speech</subfield>
  </datafield>
  <datafield tag="594" ind1=" " ind2=" ">
    <subfield code="9">CERN QA</subfield>
    <subfield code="8">b</subfield>
    <subfield code="a">Conference Speech</subfield>
  </datafield>
  <datafield tag="594" ind1=" " ind2=" ">
    <subfield code="9">review Mar2021</subfield>
    <subfield code="8">a</subfield>
    <subfield code="a">Conference Speech</subfield>
  </datafield>
  <datafield tag="597" ind1=" " ind2=" ">
    <subfield code="9">CERN QA</subfield>
    <subfield code="8">b</subfield>
    <subfield code="a">meme video que la 75</subfield>
  </datafield>
  <datafield tag="597" ind1=" " ind2=" ">
    <subfield code="9">review Mar2021</subfield>
    <subfield code="8">b</subfield>
    <subfield code="a">meme video que la 75</subfield>
  </datafield>
  <datafield tag="650" ind1="2" ind2="7">
    <subfield code="9">CERN QA</subfield>
    <subfield code="8">a</subfield>
    <subfield code="a">Science and politics</subfield>
  </datafield>
  <datafield tag="650" ind1="2" ind2="7">
    <subfield code="9">CERN QA</subfield>
    <subfield code="8">b</subfield>
    <subfield code="a">Science and politics</subfield>
  </datafield>
  <datafield tag="650" ind1="2" ind2="7">
    <subfield code="9">review Mar2021</subfield>
    <subfield code="a">Science and politics</subfield>
  </datafield>
  <datafield tag="653" ind1="1" ind2=" ">
    <subfield code="9">CERN QA</subfield>
    <subfield code="8">a</subfield>
    <subfield code="a"> LEP , matiere , anti-matiere</subfield>
  </datafield>
  <datafield tag="653" ind1="1" ind2=" ">
    <subfield code="9">CERN QA</subfield>
    <subfield code="8">b</subfield>
    <subfield code="a">LEP , matiere , l anti-matiere</subfield>
  </datafield>
  <datafield tag="653" ind1="1" ind2=" ">
    <subfield code="9">review Mar2021</subfield>
    <subfield code="8">a</subfield>
    <subfield code="a">CERN Live</subfield>
  </datafield>
  <datafield tag="653" ind1="1" ind2=" ">
    <subfield code="9">review Mar2021</subfield>
    <subfield code="8">a</subfield>
    <subfield code="a">Antimatter</subfield>
  </datafield>
  <datafield tag="653" ind1="1" ind2=" ">
    <subfield code="9">review Mar2021</subfield>
    <subfield code="8">a</subfield>
    <subfield code="a">AMS</subfield>
  </datafield>
  <datafield tag="653" ind1="1" ind2=" ">
    <subfield code="9">review Mar2021</subfield>
    <subfield code="8">b</subfield>
    <subfield code="a">LEP</subfield>
  </datafield>
  <datafield tag="653" ind1="1" ind2=" ">
    <subfield code="9">review Mar2021</subfield>
    <subfield code="8">b</subfield>
    <subfield code="a">matiere</subfield>
  </datafield>
  <datafield tag="653" ind1="1" ind2=" ">
    <subfield code="9">review Mar2021</subfield>
    <subfield code="8">b</subfield>
    <subfield code="a">antimatter</subfield>
  </datafield>
  <datafield tag="690" ind1="C" ind2=" ">
    <subfield code="a">movingimages</subfield>
  </datafield>
  <datafield tag="690" ind1="C" ind2=" ">
    <subfield code="9">CERN QA</subfield>
    <subfield code="a">quality-controlled</subfield>
  </datafield>
  <datafield tag="852" ind1=" " ind2=" ">
    <subfield code="a">510-R-036</subfield>
    <subfield code="c">CM-A00000009</subfield>
  </datafield>
  <datafield tag="852" ind1=" " ind2=" ">
    <subfield code="a">510-R-036</subfield>
    <subfield code="c">CM-A00000009</subfield>
    <subfield code="x">VHS, 10H00</subfield>
  </datafield>
  <datafield tag="856" ind1="4" ind2=" ">
    <subfield code="2">EOS</subfield>
    <subfield code="q">MP4</subfield>
    <subfield code="u">https://cern.ch/digital-memory/media-archive/video/open/mp4/2200178-a.mp4</subfield>
    <subfield code="s">617459058</subfield>
    <subfield code="y">Video-2200178-a</subfield>
    <subfield code="z">mp4 video format (640x360)</subfield>
    <subfield code="w">(PICTURAE:MD5)ac_C1V1_2200178-a.mp4;d2037781e5a006c06676248c96b00e4f</subfield>
    <subfield code="8">a</subfield>
  </datafield>
  <datafield tag="856" ind1="7" ind2=" ">
    <subfield code="2">EOS</subfield>
    <subfield code="q">MKV</subfield>
    <subfield code="d">/eos/media/cds/public/www/digital-memory/media-archive/video/open/mkv/2200178-a.mkv</subfield>
    <subfield code="s">47092950760</subfield>
    <subfield code="w">(PICTURAE:MD5)pm_C1V1_2200178-a.mkv;717f8f3bf26b54cbb000cd8d477d40da</subfield>
    <subfield code="8">a</subfield>
  </datafield>
  <datafield tag="856" ind1="7" ind2=" ">
    <subfield code="2">EOS</subfield>
    <subfield code="q">MOV</subfield>
    <subfield code="d">/eos/media/cds/public/www/digital-memory/media-archive/video/open/mov/2200178-a.mov</subfield>
    <subfield code="s">15454684980</subfield>
    <subfield code="w">(PICTURAE:MD5)am_C1V1_2200178-a.mov;bd3b2c8cd9016bbaae4bac82f5cf6226</subfield>
    <subfield code="8">a</subfield>
  </datafield>
  <datafield tag="856" ind1="4" ind2=" ">
    <subfield code="2">EOS</subfield>
    <subfield code="q">MP4</subfield>
    <subfield code="u">https://cern.ch/digital-memory/media-archive/video/open/mp4/2200178-b.mp4</subfield>
    <subfield code="s">618868054</subfield>
    <subfield code="y">Video-2200178-b</subfield>
    <subfield code="z">mp4 video format (640x360)</subfield>
    <subfield code="w">(PICTURAE:MD5)ac_C1V1_2200178-b.mp4;66f8b2ca2807e8a32349db656ddd1ca6</subfield>
    <subfield code="8">b</subfield>
  </datafield>
  <datafield tag="856" ind1="7" ind2=" ">
    <subfield code="2">EOS</subfield>
    <subfield code="q">MKV</subfield>
    <subfield code="d">/eos/media/cds/public/www/digital-memory/media-archive/video/open/mkv/2200178-b.mkv</subfield>
    <subfield code="s">49457690430</subfield>
    <subfield code="w">(PICTURAE:MD5)pm_C1V1_2200178-b.mkv;b1b7195083fc25f3c84fe508bb4488a1</subfield>
    <subfield code="8">b</subfield>
  </datafield>
  <datafield tag="856" ind1="7" ind2=" ">
    <subfield code="2">EOS</subfield>
    <subfield code="q">MOV</subfield>
    <subfield code="d">/eos/media/cds/public/www/digital-memory/media-archive/video/open/mov/2200178-b.mov</subfield>
    <subfield code="s">15398021187</subfield>
    <subfield code="w">(PICTURAE:MD5)am_C1V1_2200178-b.mov;39ff21814ae924e139f23249f38eaad7</subfield>
    <subfield code="8">b</subfield>
  </datafield>
  <datafield tag="960" ind1=" " ind2=" ">
    <subfield code="a">85</subfield>
  </datafield>
  <datafield tag="960" ind1=" " ind2=" ">
    <subfield code="a">200</subfield>
  </datafield>
  <datafield tag="961" ind1=" " ind2=" ">
    <subfield code="a">Tom Barth\xc3\xa9l\xc3\xa9my</subfield>
    <subfield code="b">Curator</subfield>
    <subfield code="x">2021-03-01</subfield>
  </datafield>
  <datafield tag="963" ind1=" " ind2=" ">
    <subfield code="a">PUBLIC</subfield>
  </datafield>
  <datafield tag="963" ind1=" " ind2=" ">
    <subfield code="9">review
</subfield>
    <subfield code="a">PUBLIC</subfield>
    <subfield code="8">a</subfield>
  </datafield>
  <datafield tag="980" ind1=" " ind2=" ">
    <subfield code="a">VIDEOARC</subfield>
  </datafield>
</record>