
</collection>
<collection xmlns="http://www.loc.gov/MARC21/slim">
<record>
  <controlfield tag="001">2200176</controlfield>
  <controlfield tag="005">20210329093041.0</controlfield>
  <datafield tag="024" ind1="8" ind2=" ">
    <subfield code="a">oai:cds.cern.ch:2200176</subfield>
    <subfield code="q">cerncds:MEMORIAV</subfield>
  </datafield>
  <datafield tag="041" ind1=" " ind2=" ">
    <subfield code="8">a</subfield>
    <subfield code="9">CERN QA</subfield>
    <subfield code="a">fre</subfield>
  </datafield>
  <datafield tag="041" ind1=" " ind2=" ">
    <subfield code="8">b</subfield>
    <subfield code="9">CERN QA</subfield>
    <subfield code="a">French</subfield>
  </datafield>
  <datafield tag="245" ind1=" " ind2=" ">
    <subfield code="a">Depart de Gerard BACHY</subfield>
    <subfield code="b">CERN  Prevessin 20 juin 2001</subfield>
  </datafield>
  <datafield tag="260" ind1=" " ind2=" ">
    <subfield code="c">2001</subfield>
  </datafield>
  <datafield tag="260" ind1=" " ind2=" ">
    <subfield code="9">review Mar2021</subfield>
    <subfield code="c">20/06/2001</subfield>
    <subfield code="8">a</subfield>
  </datafield>
  <datafield tag="337" ind1=" " ind2=" ">
    <subfield code="a">Video</subfield>
  </datafield>
  <datafield tag="340" ind1=" " ind2=" ">
    <subfield code="a">VHS</subfield>
  </datafield>
  <datafield tag="500" ind1=" " ind2=" ">
    <subfield code="a">The video was digitized from its original recording as part of the CERN Digital Memory project</subfield>
  </datafield>
  <datafield tag="511" ind1="1" ind2=" ">
    <subfield code="9">review Mar2021</subfield>
    <subfield code="8">a</subfield>
    <subfield code="a">Gerard Bachy, Lyn Evans\' speach, Marzio Nessi</subfield>
  </datafield>
  <datafield tag="514" ind1=" " ind2=" ">
    <subfield code="a">Audio present but not on all channels -  High frequency interference pattern -  Low RF, noisy picture -  Video tracking issue -</subfield>
  </datafield>
  <datafield tag="514" ind1=" " ind2=" ">
    <subfield code="8">b</subfield>
    <subfield code="a">Low audio level - poor quality - out of phase -  Low RF, noisy picture -  Video tracking issue -</subfield>
  </datafield>
  <datafield tag="518" ind1=" " ind2=" ">
    <subfield code="a">20-06-2001</subfield>
  </datafield>
  <datafield tag="542" ind1=" " ind2=" ">
    <subfield code="d">CERN</subfield>
    <subfield code="g">2001</subfield>
  </datafield>
  <datafield tag="542" ind1="1" ind2=" ">
    <subfield code="9">review Mar2021</subfield>
    <subfield code="d">CERN</subfield>
  </datafield>
  <datafield tag="583" ind1="1" ind2=" ">
    <subfield code="2">pda</subfield>
    <subfield code="3">Betacam SP</subfield>
    <subfield code="5">SzGeCERN</subfield>
    <subfield code="6">WEEK44-public</subfield>
    <subfield code="8">a</subfield>
    <subfield code="a">digitized</subfield>
    <subfield code="b">S1V1: SDI Signal - Digital Betacam, Betacam SP, Betacam, Betacam SX, DVCAM, DVCPRO, DV/Mini DV</subfield>
    <subfield code="c">20171030</subfield>
    <subfield code="f">CERN Digital Memory Project</subfield>
    <subfield code="f">public</subfield>
    <subfield code="i">CREATE-MARC-run20180619_1514</subfield>
    <subfield code="k">PICTURAE</subfield>
    <subfield code="u">https://cds.cern.ch/record/2257246</subfield>
    <subfield code="x">- VISUAL INSPECTION TABLE timing: from 24/10/2017 21:06 to 24/10/2017 21:06 -
 - RTI VT 4100 timing: from 24/10/2017 21:06 to 24/10/2017 21:12 -
 - MAC-V015 timing: from 25/10/2017 08:05 to 25/10/2017 08:13 -
 - OVEN timing: from 26/10/2017 08:53 to 27/10/2017 14:50 -
 - OVEN timing: from 26/10/2017 08:53 to 27/10/2017 14:50 -
 - OVEN timing: from 26/10/2017 08:53 to 27/10/2017 14:49 -
 - OVEN timing: from 26/10/2017 08:53 to 27/10/2017 14:49 -
 - OVEN timing: from 26/10/2017 08:53 to 27/10/2017 14:49 -
 - OVEN timing: from 26/10/2017 08:53 to 27/10/2017 14:49 -
 - OVEN timing: from 26/10/2017 08:53 to 27/10/2017 12:10 -
 - RTI VT 4100 timing: from 27/10/2017 15:16 to 27/10/2017 15:34 -
 - MAC-V015 timing: from 30/10/2017 19:01 to 30/10/2017 20:03 -
 - MANUAL QC GEN timing: from 30/10/2017 20:03 to 30/10/2017 20:03 -</subfield>
    <subfield code="z">- VISUAL INSPECTION TABLE of Betacam SP () true  - 
 - RTI VT 4100 of Betacam SP () true  - 
 - MAC-V015 of Betacam SP () false Low RF, noisy picture | Video tracking issue | High frequency interference pattern - 
 - OVEN of Betacam SP () true  - 
 - OVEN of Betacam SP () true  - 
 - OVEN of Betacam SP () true  - 
 - OVEN of Betacam SP () true  - 
 - OVEN of Betacam SP () true  - 
 - OVEN of Betacam SP () true  - 
 - OVEN of Betacam SP () true  - 
 - RTI VT 4100 of Betacam SP () true  - 
 - MAC-V015 of Betacam SP () true Audio present but not on all channels - 
 - MANUAL QC GEN of Betacam SP () true  -</subfield>
  </datafield>
  <datafield tag="583" ind1="1" ind2=" ">
    <subfield code="2">pda</subfield>
    <subfield code="3">VHS</subfield>
    <subfield code="5">SzGeCERN</subfield>
    <subfield code="6">WEEK04-public</subfield>
    <subfield code="8">b</subfield>
    <subfield code="a">digitized</subfield>
    <subfield code="b">C1V1: Composite\tSignal - U-Matic,\xc2\xa0U-Matic SP,\xc2\xa0VHS, 1 inch C, 1 inch B, Video , Betamax</subfield>
    <subfield code="c">20180116</subfield>
    <subfield code="f">CERN Digital Memory Project</subfield>
    <subfield code="f">public</subfield>
    <subfield code="i">CREATE-MARC-run20180622_170314</subfield>
    <subfield code="k">PICTURAE</subfield>
    <subfield code="u">https://cds.cern.ch/record/2257246</subfield>
    <subfield code="x">- VISUAL INSPECTION TABLE timing: from 15/01/2018 18:14 to 15/01/2018 18:14 -
 - RTI VT 460 timing: from 15/01/2018 18:14 to 15/01/2018 18:14 -
 - MAC-V409 timing: from 15/01/2018 18:30 to 15/01/2018 19:36 -
 - MANUAL QC GEN timing: from 15/01/2018 19:36 to 15/01/2018 19:36 -
 - MANUAL QC GEN timing: from 16/01/2018 13:52 to 16/01/2018 13:52 -
 - FILE_PRESENCE timing: from 16/01/2018 13:52 to 16/01/2018 13:52 -</subfield>
    <subfield code="z">- VISUAL INSPECTION TABLE of VHS () true  - 
 - RTI VT 460 of VHS () true  - 
 - MAC-V409 of VHS () true Low RF, noisy picture | Low RF, noisy picture | Video tracking issue | Low audio level - poor quality - out of phase - 
 - MANUAL QC GEN of VHS () true  - 
 - MANUAL QC GEN of VHS () true  - 
 - FILE_PRESENCE of VHS () true  -</subfield>
  </datafield>
  <datafield tag="583" ind1="1" ind2=" ">
    <subfield code="2">pda</subfield>
    <subfield code="5">SzGeCERN</subfield>
    <subfield code="a">digitized</subfield>
    <subfield code="c">202103</subfield>
    <subfield code="f">CERN Digital Memory Project</subfield>
    <subfield code="i">OPEN-REFINE Project Mar2021 New HDD</subfield>
    <subfield code="k">PICTURAE</subfield>
    <subfield code="u">https://cds.cern.ch/record/2257246</subfield>
  </datafield>
  <datafield tag="583" ind1="1" ind2=" ">
    <subfield code="3">Betacam SP</subfield>
    <subfield code="b">S1V1</subfield>
    <subfield code="n">47,6266666666667</subfield>
    <subfield code="o">minutes</subfield>
    <subfield code="x">Video tracking issue</subfield>
    <subfield code="8">a</subfield>
  </datafield>
  <datafield tag="583" ind1=" " ind2=" ">
    <subfield code="a">curation</subfield>
    <subfield code="c">Decembre 2020</subfield>
    <subfield code="8">a</subfield>
    <subfield code="z"> -Audio: TRUE -Video Signal: TRUE -Multiple:  -Relevant to CERN: TRUE -Duplicate: TRUE</subfield>
  </datafield>
  <datafield tag="590" ind1=" " ind2=" ">
    <subfield code="8">a</subfield>
    <subfield code="9">CERN QA</subfield>
  </datafield>
  <datafield tag="590" ind1=" " ind2=" ">
    <subfield code="8">b</subfield>
    <subfield code="9">CERN QA</subfield>
    <subfield code="a">depart de Gerard Bachy</subfield>
  </datafield>
  <datafield tag="590" ind1=" " ind2=" ">
    <subfield code="9">review Mar2021</subfield>
    <subfield code="8">a</subfield>
    <subfield code="a">Pot de deapart a la retraite de Gerard Bachy apres 35 ans de travail au CERN</subfield>
  </datafield>
  <datafield tag="594" ind1=" " ind2=" ">
    <subfield code="8">a</subfield>
    <subfield code="9">CERN QA</subfield>
    <subfield code="a">Footage</subfield>
  </datafield>
  <datafield tag="594" ind1=" " ind2=" ">
    <subfield code="8">b</subfield>
    <subfield code="9">CERN QA</subfield>
    <subfield code="a">Conference Speech</subfield>
  </datafield>
  <datafield tag="594" ind1=" " ind2=" ">
    <subfield code="9">review Mar2021</subfield>
    <subfield code="8">a</subfield>
    <subfield code="a">Footage</subfield>
  </datafield>
  <datafield tag="595" ind1=" " ind2=" ">
    <subfield code="a">MOV-FILE-MISSING</subfield>
    <subfield code="d">20180619_1514</subfield>
  </datafield>
  <datafield tag="597" ind1=" " ind2=" ">
    <subfield code="8">b</subfield>
    <subfield code="9">CERN QA</subfield>
    <subfield code="a">meme video que la 77</subfield>
  </datafield>
  <datafield tag="597" ind1=" " ind2=" ">
    <subfield code="9">review Mar2021</subfield>
    <subfield code="8">a</subfield>
    <subfield code="a">double, identic to 2200176-b, for the final video take 2200176-a and 2206049-b</subfield>
  </datafield>
  <datafield tag="650" ind1="2" ind2="7">
    <subfield code="8">a</subfield>
    <subfield code="9">CERN QA</subfield>
    <subfield code="a">Portraits of science</subfield>
  </datafield>
  <datafield tag="650" ind1="2" ind2="7">
    <subfield code="8">b</subfield>
    <subfield code="9">CERN QA</subfield>
    <subfield code="a">Portraits of science</subfield>
  </datafield>
  <datafield tag="650" ind1="2" ind2="7">
    <subfield code="9">review Mar2021</subfield>
    <subfield code="a">Outside the lab</subfield>
  </datafield>
  <datafield tag="653" ind1="1" ind2=" ">
    <subfield code="8">a</subfield>
    <subfield code="9">CERN QA</subfield>
    <subfield code="a">musique, accord\xc3\xa9on</subfield>
  </datafield>
  <datafield tag="653" ind1="1" ind2=" ">
    <subfield code="9">review Mar2021</subfield>
    <subfield code="8">a</subfield>
    <subfield code="a">Retirement</subfield>
  </datafield>
  <datafield tag="690" ind1="C" ind2=" ">
    <subfield code="a">movingimages</subfield>
  </datafield>
  <datafield tag="690" ind1="C" ind2=" ">
    <subfield code="9">CERN QA</subfield>
    <subfield code="a">quality-controlled</subfield>
  </datafield>
  <datafield tag="852" ind1=" " ind2=" ">
    <subfield code="a">510-R-036</subfield>
    <subfield code="c">CM-A00000009</subfield>
  </datafield>
  <datafield tag="856" ind1="4" ind2=" ">
    <subfield code="2">EOS</subfield>
    <subfield code="8">a</subfield>
    <subfield code="q">MP4</subfield>
    <subfield code="s">443103202</subfield>
    <subfield code="u">https://cern.ch/digital-memory/media-archive/video/cern/mp4/2200176-a.mp4</subfield>
    <subfield code="w">(PICTURAE:MD5)ac_S1V1_2200176-a.mp4;caac9b5b0a1552a5a2a1af9e1601119f</subfield>
    <subfield code="y">Video-2200176-a</subfield>
    <subfield code="z">mp4 video format (640x360)</subfield>
  </datafield>
  <datafield tag="856" ind1="7" ind2=" ">
    <subfield code="2">EOS</subfield>
    <subfield code="8">a</subfield>
    <subfield code="d">/eos/media/cds/public/www/digital-memory/media-archive/video/cern/mkv/2200176-a.mkv</subfield>
    <subfield code="q">MKV</subfield>
    <subfield code="s">41693841674</subfield>
    <subfield code="w">(PICTURAE:MD5)pm_S1V1_2200176-a.mkv;5c01ce53856e958fce13de903beb5703</subfield>
  </datafield>
  <datafield tag="856" ind1="7" ind2=" ">
    <subfield code="2">EOS</subfield>
    <subfield code="8">b</subfield>
    <subfield code="d">/eos/media/cds/public/www/digital-memory/media-archive/video/cern/mkv/2200176-b.mkv</subfield>
    <subfield code="q">MKV</subfield>
    <subfield code="s">28424730029</subfield>
    <subfield code="w">(PICTURAE:MD5)pm_C1V1_2200176-b.mkv;8e5dadc5f5f47917ea4faffd81cb9a4d</subfield>
  </datafield>
  <datafield tag="856" ind1="7" ind2=" ">
    <subfield code="2">EOS</subfield>
    <subfield code="8">b</subfield>
    <subfield code="d">/eos/media/cds/public/www/digital-memory/media-archive/video/cern/mov/2200176-b.mov</subfield>
    <subfield code="q">MOV</subfield>
    <subfield code="s">11174295922</subfield>
    <subfield code="w">(PICTURAE:MD5)am_C1V1_2200176-b.mov;84769db991bedbb3d38ba23504ba549b</subfield>
  </datafield>
  <datafield tag="960" ind1=" " ind2=" ">
    <subfield code="a">85</subfield>
  </datafield>
  <datafield tag="960" ind1=" " ind2=" ">
    <subfield code="a">200</subfield>
  </datafield>
  <datafield tag="961" ind1=" " ind2=" ">
    <subfield code="a">Tom Barth\xc3\xa9l\xc3\xa9my</subfield>
    <subfield code="b">Curator</subfield>
    <subfield code="x">2021-03-01</subfield>
  </datafield>
  <datafield tag="963" ind1=" " ind2=" ">
    <subfield code="a">PUBLIC</subfield>
  </datafield>
  <datafield tag="963" ind1=" " ind2=" ">
    <subfield code="9">review
</subfield>
    <subfield code="a">RESTRICTED</subfield>
    <subfield code="8">a</subfield>
  </datafield>
  <datafield tag="980" ind1=" " ind2=" ">
    <subfield code="a">VIDEOARC</subfield>
  </datafield>
</record>