
</collection>
<collection xmlns="http://www.loc.gov/MARC21/slim">
<record>
  <controlfield tag="001">2196951</controlfield>
  <controlfield tag="005">20210326220111.0</controlfield>
  <datafield tag="024" ind1="8" ind2=" ">
    <subfield code="a">oai:cds.cern.ch:2196951</subfield>
    <subfield code="q">cerncds:MEMORIAV</subfield>
  </datafield>
  <datafield tag="041" ind1=" " ind2=" ">
    <subfield code="a">fre</subfield>
  </datafield>
  <datafield tag="245" ind1=" " ind2=" ">
    <subfield code="a">L\xc3\xb6tschberg</subfield>
  </datafield>
  <datafield tag="245" ind1=" " ind2=" ">
    <subfield code="b">tunnel de base</subfield>
  </datafield>
  <datafield tag="246" ind1=" " ind2=" ">
    <subfield code="a">Le tunnel de base du L\xc3\xb6tschberg Connecting Europe !</subfield>
  </datafield>
  <datafield tag="260" ind1=" " ind2=" ">
    <subfield code="c">2002</subfield>
  </datafield>
  <datafield tag="300" ind1=" " ind2=" ">
    <subfield code="a">00:29:00</subfield>
    <subfield code="b">720x576 4/3, 25.00</subfield>
    <subfield code="c">25</subfield>
    <subfield code="d">720x576</subfield>
    <subfield code="e">4:3</subfield>
  </datafield>
  <datafield tag="337" ind1=" " ind2=" ">
    <subfield code="a">Video</subfield>
  </datafield>
  <datafield tag="340" ind1=" " ind2=" ">
    <subfield code="a">VHS</subfield>
    <subfield code="d">PAL</subfield>
  </datafield>
  <datafield tag="500" ind1=" " ind2=" ">
    <subfield code="a">The video was digitized from its original recording as part of the CERN Digital Memory project</subfield>
  </datafield>
  <datafield tag="508" ind1=" " ind2=" ">
    <subfield code="a">Producer, BLS AlpTransit SA ; exectutive producer, Geologos SA ; director, Gerald Favre</subfield>
  </datafield>
  <datafield tag="514" ind1=" " ind2=" ">
    <subfield code="a">High frequency interference pattern -  Video tracking issue -  </subfield>
  </datafield>
  <datafield tag="520" ind1=" " ind2=" ">
    <subfield code="a">La construction du tunnel de base du L\xc3\xb6tschberg, en tant que nouvelle liaison ferroviaire a travers les Alpes, va bon train. Des deux transversales alpines prevues a travers la Suisse, il sera le premier tunnel a etre mis en service en 2007. Conduisant de Frutigen/BE a Rarogne/VS , il est concu sous la forme d\'un tunnel bidirectionnel monotube. Grace aux tunnels de base, il sera possible de transferer le trafic le transit a travers les Alpes de la route du rail. Pour les trains de voyageurs, le temps requis pour traverser la Suisse sera reduit a moins de 2 heures. La construction du tunnel de base du L\xc3\xb6tschberg constitue un defi d\'ordre technique pour les concepteurs. les quelques 1400 personnes occupees a la realisation sont la pour le relever.</subfield>
  </datafield>
  <datafield tag="542" ind1=" " ind2=" ">
    <subfield code="d">BLS - AlpTransit</subfield>
    <subfield code="g">2002</subfield>
  </datafield>
  <datafield tag="583" ind1="1" ind2=" ">
    <subfield code="i">CREATE-MARC-run20180622_170305</subfield>
    <subfield code="a">digitized</subfield>
    <subfield code="2">pda</subfield>
    <subfield code="f">CERN Digital Memory Project</subfield>
    <subfield code="k">PICTURAE</subfield>
    <subfield code="u">https://cds.cern.ch/record/2257246</subfield>
    <subfield code="5">SzGeCERN</subfield>
    <subfield code="6">WEEK04-copyrighted</subfield>
    <subfield code="b">C1V1: Composite\tSignal - U-Matic,\xc2\xa0U-Matic SP,\xc2\xa0VHS, 1 inch C, 1 inch B, Video , Betamax </subfield>
    <subfield code="3"> VHS </subfield>
    <subfield code="f">copyrighted</subfield>
    <subfield code="z">
 - VISUAL INSPECTION TABLE of VHS () true  - 
 - RTI VT 460 of VHS () true  - 
 - MAC-V410 of VHS () true Video tracking issue | High frequency interference pattern - 
 - MANUAL QC GEN of VHS () true  - 
 - MANUAL QC GEN of VHS () true  - 
 - FILE_PRESENCE of VHS () true  - 
      </subfield>
    <subfield code="x">
 - VISUAL INSPECTION TABLE timing: from 15/01/2018 10:45 to 15/01/2018 10:45 -
 - RTI VT 460 timing: from 15/01/2018 10:51 to 15/01/2018 11:16 -
 - MAC-V410 timing: from 15/01/2018 17:22 to 15/01/2018 17:57 -
 - MANUAL QC GEN timing: from 15/01/2018 17:57 to 15/01/2018 17:57 -
 - MANUAL QC GEN timing: from 15/01/2018 22:13 to 15/01/2018 22:13 -
 - FILE_PRESENCE timing: from 15/01/2018 22:13 to 15/01/2018 22:13 -
       </subfield>
    <subfield code="c">20180115</subfield>
  </datafield>
  <datafield tag="653" ind1="1" ind2=" ">
    <subfield code="9">CERN</subfield>
  </datafield>
  <datafield tag="690" ind1="C" ind2=" ">
    <subfield code="a">movingimages</subfield>
  </datafield>
  <datafield tag="852" ind1=" " ind2=" ">
    <subfield code="a">510-R-005</subfield>
    <subfield code="c">CM-A00000001</subfield>
  </datafield>
  <datafield tag="856" ind1="4" ind2=" ">
    <subfield code="2">EOS</subfield>
    <subfield code="q">MP4</subfield>
    <subfield code="u">https://cern.ch/digital-memory/media-archive/video/2018/mp4/2196951.mp4</subfield>
    <subfield code="s">278463269</subfield>
    <subfield code="y">Video-2196951</subfield>
    <subfield code="z">mp4 video format (640x360)</subfield>
    <subfield code="w">(PICTURAE:MD5)ac_C1V1_2196951.mp4;6103bed722139ba61580a3e7c4e0bb3f</subfield>
  </datafield>
  <datafield tag="856" ind1="7" ind2=" ">
    <subfield code="2">EOS</subfield>
    <subfield code="q">MKV</subfield>
    <subfield code="d">/eos/media/cds/public/www/digital-memory/media-archive/video/2018/mkv/2196951.mkv</subfield>
    <subfield code="s">23568103523</subfield>
    <subfield code="w">(PICTURAE:MD5)pm_C1V1_2196951.mkv;d9d929e4fd28ebf5d3f8cc36c37a4098</subfield>
  </datafield>
  <datafield tag="856" ind1="7" ind2=" ">
    <subfield code="2">EOS</subfield>
    <subfield code="q">MOV</subfield>
    <subfield code="d">/eos/media/cds/public/www/digital-memory/media-archive/video/2018/mov/2196951.mov</subfield>
    <subfield code="s">6965260818</subfield>
    <subfield code="w">(PICTURAE:MD5)am_C1V1_2196951.mov;afddd8553d7f60039f5afb5291c93e66</subfield>
  </datafield>
  <datafield tag="960" ind1=" " ind2=" ">
    <subfield code="a">85</subfield>
  </datafield>
  <datafield tag="960" ind1=" " ind2=" ">
    <subfield code="a">200</subfield>
  </datafield>
  <datafield tag="963" ind1=" " ind2=" ">
    <subfield code="a">PUBLIC</subfield>
  </datafield>
  <datafield tag="980" ind1=" " ind2=" ">
    <subfield code="a">VIDEOARC</subfield>
  </datafield>
</record>