
</collection>
<collection xmlns="http://www.loc.gov/MARC21/slim">
<record>
  <controlfield tag="001">2195845</controlfield>
  <controlfield tag="005">20210329093046.0</controlfield>
  <datafield tag="024" ind1="8" ind2=" ">
    <subfield code="a">oai:cds.cern.ch:2195845</subfield>
    <subfield code="q">cerncds:MEMORIAV</subfield>
  </datafield>
  <datafield tag="041" ind1=" " ind2=" ">
    <subfield code="a">fre</subfield>
  </datafield>
  <datafield tag="041" ind1=" " ind2=" ">
    <subfield code="9">CERN QA</subfield>
    <subfield code="8">a</subfield>
    <subfield code="a">French</subfield>
  </datafield>
  <datafield tag="041" ind1=" " ind2=" ">
    <subfield code="9">CERN QA</subfield>
    <subfield code="8">c</subfield>
    <subfield code="a">French</subfield>
  </datafield>
  <datafield tag="041" ind1=" " ind2=" ">
    <subfield code="9">CERN QA</subfield>
    <subfield code="8">b</subfield>
    <subfield code="a">fre</subfield>
  </datafield>
  <datafield tag="041" ind1=" " ind2=" ">
    <subfield code="9">CERN QA</subfield>
    <subfield code="8">b</subfield>
    <subfield code="a">French</subfield>
  </datafield>
  <datafield tag="245" ind1=" " ind2=" ">
    <subfield code="a">Du fer dans...</subfield>
  </datafield>
  <datafield tag="260" ind1=" " ind2=" ">
    <subfield code="c">1997</subfield>
  </datafield>
  <datafield tag="260" ind1=" " ind2=" ">
    <subfield code="9">review Mar2021</subfield>
    <subfield code="c">1997</subfield>
    <subfield code="8">a</subfield>
  </datafield>
  <datafield tag="269" ind1=" " ind2=" ">
    <subfield code="c">1997-10</subfield>
  </datafield>
  <datafield tag="300" ind1=" " ind2=" ">
    <subfield code="b">720x576 4/3, 25.00</subfield>
    <subfield code="c">25</subfield>
    <subfield code="d">720x576</subfield>
    <subfield code="e">4:3</subfield>
  </datafield>
  <datafield tag="337" ind1=" " ind2=" ">
    <subfield code="a">video</subfield>
  </datafield>
  <datafield tag="340" ind1=" " ind2=" ">
    <subfield code="a">VHS</subfield>
    <subfield code="d">PAL</subfield>
  </datafield>
  <datafield tag="500" ind1=" " ind2=" ">
    <subfield code="a">The video was digitized from its original recording as part of the CERN Digital Memory project</subfield>
  </datafield>
  <datafield tag="508" ind1="1" ind2=" ">
    <subfield code="9">CERN QA</subfield>
    <subfield code="8">a</subfield>
    <subfield code="a">L.Chomel</subfield>
  </datafield>
  <datafield tag="508" ind1="1" ind2=" ">
    <subfield code="9">CERN QA</subfield>
    <subfield code="8">c</subfield>
    <subfield code="a">L.Chomel</subfield>
  </datafield>
  <datafield tag="508" ind1="1" ind2=" ">
    <subfield code="9">CERN QA</subfield>
    <subfield code="8">b</subfield>
    <subfield code="a">L.Chomel</subfield>
  </datafield>
  <datafield tag="511" ind1="1" ind2=" ">
    <subfield code="9">CERN QA</subfield>
    <subfield code="8">a</subfield>
    <subfield code="a">Dechavanne pr\xc3\xa9sentateur,Charpak physicien ,Rousselet greenpeace, intervention du public </subfield>
  </datafield>
  <datafield tag="511" ind1="1" ind2=" ">
    <subfield code="9">CERN QA</subfield>
    <subfield code="8">c</subfield>
    <subfield code="a">Dechavanne pr\xc3\xa9sentateur,Charpak physicien ,Rousselet greenpeace, intervention du public </subfield>
  </datafield>
  <datafield tag="511" ind1="1" ind2=" ">
    <subfield code="9">CERN QA</subfield>
    <subfield code="8">b</subfield>
    <subfield code="a">Dechavanne pr\xc3\xa9sentateur,Charpak physicien ,Rousselet greenpeace, intervention du public </subfield>
  </datafield>
  <datafield tag="511" ind1="1" ind2=" ">
    <subfield code="9">review Mar2021</subfield>
    <subfield code="8">a</subfield>
    <subfield code="a">Ch. Dechavanne pr\xc3\xa9sentateur, G. Charpak physicien, Rousselet greenpeace, intervention du public</subfield>
  </datafield>
  <datafield tag="514" ind1=" " ind2=" ">
    <subfield code="a">Low RF, noisy picture -  </subfield>
    <subfield code="8">a</subfield>
  </datafield>
  <datafield tag="514" ind1=" " ind2=" ">
    <subfield code="a">Tape not in PAL format -  Video tracking issue -  </subfield>
    <subfield code="8">c</subfield>
  </datafield>
  <datafield tag="514" ind1=" " ind2=" ">
    <subfield code="a">Tape not in PAL format -  Video tracking issue -  </subfield>
    <subfield code="8">b</subfield>
  </datafield>
  <datafield tag="542" ind1=" " ind2=" ">
    <subfield code="d">CERN</subfield>
    <subfield code="g">1997</subfield>
  </datafield>
  <datafield tag="542" ind1="1" ind2=" ">
    <subfield code="9">review Mar2021</subfield>
    <subfield code="d">France 2</subfield>
  </datafield>
  <datafield tag="583" ind1="1" ind2=" ">
    <subfield code="i">CREATE-MARC-run20180622_170234</subfield>
    <subfield code="a">digitized</subfield>
    <subfield code="2">pda</subfield>
    <subfield code="f">CERN Digital Memory Project</subfield>
    <subfield code="k">PICTURAE</subfield>
    <subfield code="u">https://cds.cern.ch/record/2257246</subfield>
    <subfield code="5">SzGeCERN</subfield>
    <subfield code="6">WEEK03-public</subfield>
    <subfield code="b">C1V1: Composite\tSignal - U-Matic,\xc2\xa0U-Matic SP,\xc2\xa0VHS, 1 inch C, 1 inch B, Video , Betamax </subfield>
    <subfield code="8">a</subfield>
    <subfield code="3"> VHS </subfield>
    <subfield code="f">public</subfield>
    <subfield code="z">
 - VISUAL INSPECTION TABLE of VHS () true  - 
 - RTI VT 460 of VHS () true  - 
 - MAC-V411 of VHS () true Low RF, noisy picture - 
 - MANUAL QC GEN of VHS () true  - 
 - MANUAL QC GEN of VHS () true  - 
 - FILE_PRESENCE of VHS () true  - 
      </subfield>
    <subfield code="x">
 - VISUAL INSPECTION TABLE timing: from 15/01/2018 09:10 to 15/01/2018 09:10 -
 - RTI VT 460 timing: from 15/01/2018 09:11 to 15/01/2018 09:18 -
 - MAC-V411 timing: from 15/01/2018 09:41 to 15/01/2018 11:47 -
 - MANUAL QC GEN timing: from 15/01/2018 11:47 to 15/01/2018 11:47 -
 - MANUAL QC GEN timing: from 15/01/2018 23:01 to 15/01/2018 23:01 -
 - FILE_PRESENCE timing: from 15/01/2018 23:01 to 15/01/2018 23:01 -
       </subfield>
    <subfield code="c">20180115</subfield>
  </datafield>
  <datafield tag="583" ind1="1" ind2=" ">
    <subfield code="i">CREATE-MARC-run20180622_170234</subfield>
    <subfield code="a">digitized</subfield>
    <subfield code="2">pda</subfield>
    <subfield code="f">CERN Digital Memory Project</subfield>
    <subfield code="k">PICTURAE</subfield>
    <subfield code="u">https://cds.cern.ch/record/2257246</subfield>
    <subfield code="5">SzGeCERN</subfield>
    <subfield code="6">WEEK03-public</subfield>
    <subfield code="b">C1V1: Composite\tSignal - U-Matic,\xc2\xa0U-Matic SP,\xc2\xa0VHS, 1 inch C, 1 inch B, Video , Betamax </subfield>
    <subfield code="8">c</subfield>
    <subfield code="3"> VHS </subfield>
    <subfield code="f">public</subfield>
    <subfield code="z">
 - VISUAL INSPECTION TABLE of VHS () true  - 
 - RTI VT 460 of VHS () true  - 
 - MAC-V403 of VHS () false Tape not in PAL format - 
 - MANUAL QC GEN of VHS () true  - 
 - FILE_PRESENCE of VHS () true  - 
 - VIAA VHS CLINIC of VHS () true Video tracking issue - 
 - MANUAL QC GEN of VHS () true  - 
 - MANUAL QC GEN of VHS () true  - 
 - FILE_PRESENCE of VHS () true  - 
      </subfield>
    <subfield code="x">
 - VISUAL INSPECTION TABLE timing: from 15/01/2018 18:44 to 15/01/2018 18:44 -
 - RTI VT 460 timing: from 15/01/2018 18:49 to 15/01/2018 18:49 -
 - MAC-V403 timing: from 16/01/2018 09:54 to 16/01/2018 09:55 -
 - MANUAL QC GEN timing: from 16/01/2018 22:22 to 16/01/2018 22:22 -
 - FILE_PRESENCE timing: from 16/01/2018 22:22 to 16/01/2018 22:22 -
 - VIAA VHS CLINIC timing: from 23/01/2018 08:57 to 23/01/2018 11:06 -
 - MANUAL QC GEN timing: from 23/01/2018 16:59 to 23/01/2018 16:59 -
 - MANUAL QC GEN timing: from 26/01/2018 10:08 to 26/01/2018 10:08 -
 - FILE_PRESENCE timing: from 26/01/2018 10:08 to 26/01/2018 10:08 -
       </subfield>
    <subfield code="c">20180126</subfield>
  </datafield>
  <datafield tag="583" ind1="1" ind2=" ">
    <subfield code="i">CREATE-MARC-run20180622_170314</subfield>
    <subfield code="a">digitized</subfield>
    <subfield code="2">pda</subfield>
    <subfield code="f">CERN Digital Memory Project</subfield>
    <subfield code="k">PICTURAE</subfield>
    <subfield code="u">https://cds.cern.ch/record/2257246</subfield>
    <subfield code="5">SzGeCERN</subfield>
    <subfield code="6">WEEK04-public</subfield>
    <subfield code="b">C1V1: Composite\tSignal - U-Matic,\xc2\xa0U-Matic SP,\xc2\xa0VHS, 1 inch C, 1 inch B, Video , Betamax </subfield>
    <subfield code="8">b</subfield>
    <subfield code="3"> VHS </subfield>
    <subfield code="f">public</subfield>
    <subfield code="z">
 - VISUAL INSPECTION TABLE of VHS () true  - 
 - RTI VT 460 of VHS () true  - 
 - MAC-V411 of VHS () false Tape not in PAL format - 
 - VIAA VHS CLINIC of VHS () true Video tracking issue - 
 - MANUAL QC GEN of VHS () true  - 
 - MANUAL QC GEN of VHS () true  - 
 - FILE_PRESENCE of VHS () true  - 
      </subfield>
    <subfield code="x">
 - VISUAL INSPECTION TABLE timing: from 15/01/2018 19:00 to 15/01/2018 19:00 -
 - RTI VT 460 timing: from 15/01/2018 19:12 to 15/01/2018 19:12 -
 - MAC-V411 timing: from 16/01/2018 09:11 to 16/01/2018 09:11 -
 - VIAA VHS CLINIC timing: from 23/01/2018 08:59 to 23/01/2018 11:07 -
 - MANUAL QC GEN timing: from 23/01/2018 16:59 to 23/01/2018 16:59 -
 - MANUAL QC GEN timing: from 26/01/2018 13:45 to 26/01/2018 13:45 -
 - FILE_PRESENCE timing: from 26/01/2018 13:45 to 26/01/2018 13:45 -
       </subfield>
    <subfield code="c">20180126</subfield>
  </datafield>
  <datafield tag="583" ind1="1" ind2=" ">
    <subfield code="2">pda</subfield>
    <subfield code="5">SzGeCERN</subfield>
    <subfield code="a">digitized</subfield>
    <subfield code="c">202103</subfield>
    <subfield code="f">CERN Digital Memory Project</subfield>
    <subfield code="i">OPEN-REFINE Project Mar2021 New HDD</subfield>
    <subfield code="k">PICTURAE</subfield>
    <subfield code="u">https://cds.cern.ch/record/2257246</subfield>
  </datafield>
  <datafield tag="583" ind1="1" ind2=" ">
    <subfield code="3">VHS</subfield>
    <subfield code="b">C1V1</subfield>
    <subfield code="n">123,033333333333</subfield>
    <subfield code="o">minutes</subfield>
    <subfield code="x">Low RF, noisy picture</subfield>
    <subfield code="8">a</subfield>
  </datafield>
  <datafield tag="583" ind1="1" ind2=" ">
    <subfield code="3">VHS</subfield>
    <subfield code="b">C1V1</subfield>
    <subfield code="n">122,66</subfield>
    <subfield code="o">minutes</subfield>
    <subfield code="x">Video tracking issue</subfield>
    <subfield code="8">c</subfield>
  </datafield>
  <datafield tag="583" ind1="1" ind2=" ">
    <subfield code="3">VHS</subfield>
    <subfield code="b">C1V1</subfield>
    <subfield code="n">123,06</subfield>
    <subfield code="o">minutes</subfield>
    <subfield code="x">Video tracking issue</subfield>
    <subfield code="8">b</subfield>
  </datafield>
  <datafield tag="583" ind1=" " ind2=" ">
    <subfield code="a">curation</subfield>
    <subfield code="c">Decembre 2020</subfield>
    <subfield code="8">a</subfield>
    <subfield code="z"> -Audio: TRUE -Video Signal: TRUE -Multiple:  -Relevant to CERN: TRUE -Action required: To be removed -Duplicate: TRUE</subfield>
  </datafield>
  <datafield tag="583" ind1=" " ind2=" ">
    <subfield code="a">curation</subfield>
    <subfield code="c">Decembre 2020</subfield>
    <subfield code="8">c</subfield>
    <subfield code="z"> -Audio: TRUE -Video Signal: TRUE -Multiple: TRUE -Relevant to CERN: TRUE -Duplicate: FALSE</subfield>
  </datafield>
  <datafield tag="583" ind1=" " ind2=" ">
    <subfield code="a">curation</subfield>
    <subfield code="c">Decembre 2020</subfield>
    <subfield code="8">b</subfield>
    <subfield code="z"> -Audio: TRUE -Video Signal: TRUE -Multiple:  -Relevant to CERN: TRUE -Action required: To be removed -Duplicate: TRUE</subfield>
  </datafield>
  <datafield tag="590" ind1=" " ind2=" ">
    <subfield code="9">CERN QA</subfield>
    <subfield code="8">a</subfield>
    <subfield code="a">emission consacr\xc3\xa9e sur le nucl\xc3\xa9aire et ses mal fait , sur l\'environnement , sur les d\xc3\xa9chets nucl\xc3\xa9aire </subfield>
  </datafield>
  <datafield tag="590" ind1=" " ind2=" ">
    <subfield code="9">CERN QA</subfield>
    <subfield code="8">c</subfield>
    <subfield code="a">emission consacr\xc3\xa9e sur le nucl\xc3\xa9aire et ses mal fait , sur l\'environnement , sur les d\xc3\xa9chets nucl\xc3\xa9aire </subfield>
  </datafield>
  <datafield tag="590" ind1=" " ind2=" ">
    <subfield code="9">CERN QA</subfield>
    <subfield code="8">b</subfield>
    <subfield code="a">Emission consacr\xc3\xa9e au nucl\xc3\xa9aire: ses dangers sur l\'environnement, et les d\xc3\xa9chets nucl\xc3\xa9aires</subfield>
  </datafield>
  <datafield tag="590" ind1=" " ind2=" ">
    <subfield code="9">CERN QA</subfield>
    <subfield code="8">b</subfield>
    <subfield code="a">emission consacr\xc3\xa9e sur le nucl\xc3\xa9aire et ses mal fait , sur l\'environnement , sur les d\xc3\xa9chets nucl\xc3\xa9aire </subfield>
  </datafield>
  <datafield tag="590" ind1=" " ind2=" ">
    <subfield code="9">review Mar2021</subfield>
    <subfield code="8">a</subfield>
    <subfield code="a">Documentaire "Fer dans les epinards" consacr\xc3\xa9 a l\'energie nucl\xc3\xa9aire, les d\xc3\xa9chets nucl\xc3\xa9aires et ses effets sur la sante, l\'environnement, et l\'economie</subfield>
  </datafield>
  <datafield tag="594" ind1=" " ind2=" ">
    <subfield code="9">CERN QA</subfield>
    <subfield code="8">a</subfield>
    <subfield code="a">Conference Speech</subfield>
  </datafield>
  <datafield tag="594" ind1=" " ind2=" ">
    <subfield code="9">CERN QA</subfield>
    <subfield code="8">c</subfield>
    <subfield code="a">Conference Speech</subfield>
  </datafield>
  <datafield tag="594" ind1=" " ind2=" ">
    <subfield code="9">CERN QA</subfield>
    <subfield code="8">b</subfield>
    <subfield code="a">Conference Speech</subfield>
  </datafield>
  <datafield tag="594" ind1=" " ind2=" ">
    <subfield code="9">review Mar2021</subfield>
    <subfield code="8">a</subfield>
    <subfield code="a">Conference Speech</subfield>
  </datafield>
  <datafield tag="597" ind1=" " ind2=" ">
    <subfield code="9">CERN QA</subfield>
    <subfield code="8">a</subfield>
    <subfield code="a">image en noir et blanc , ar\xc3\xaate de la vid\xc3\xa9o a 1 heure 44 minute de quelques secondes </subfield>
  </datafield>
  <datafield tag="597" ind1=" " ind2=" ">
    <subfield code="9">CERN QA</subfield>
    <subfield code="8">c</subfield>
    <subfield code="a">m\xc3\xaame vid\xc3\xa9o que la vid\xc3\xa9o pr\xc3\xa9c\xc3\xa9dente mais en couleur </subfield>
  </datafield>
  <datafield tag="597" ind1=" " ind2=" ">
    <subfield code="9">CERN QA</subfield>
    <subfield code="8">b</subfield>
    <subfield code="a">m\xc3\xaame vid\xc3\xa9o que la vid\xc3\xa9o pr\xc3\xa9c\xc3\xa9dente mais en couleur </subfield>
  </datafield>
  <datafield tag="597" ind1=" " ind2=" ">
    <subfield code="9">CERN QA</subfield>
    <subfield code="8">a</subfield>
    <subfield code="a">meme video que la page 1</subfield>
  </datafield>
  <datafield tag="597" ind1=" " ind2=" ">
    <subfield code="9">CERN QA</subfield>
    <subfield code="8">c</subfield>
    <subfield code="a">meme video que la page 1</subfield>
  </datafield>
  <datafield tag="597" ind1=" " ind2=" ">
    <subfield code="9">CERN QA</subfield>
    <subfield code="8">b</subfield>
    <subfield code="a">meme video que la page 1</subfield>
  </datafield>
  <datafield tag="597" ind1=" " ind2=" ">
    <subfield code="9">review Mar2021</subfield>
    <subfield code="8">a</subfield>
    <subfield code="a">image en noir et blanc , to be removed from CDS</subfield>
  </datafield>
  <datafield tag="597" ind1=" " ind2=" ">
    <subfield code="9">review Mar2021</subfield>
    <subfield code="8">c</subfield>
    <subfield code="a">m\xc3\xaame vid\xc3\xa9o que la vid\xc3\xa9o pr\xc3\xa9c\xc3\xa9dente mais en couleur</subfield>
  </datafield>
  <datafield tag="597" ind1=" " ind2=" ">
    <subfield code="9">review Mar2021</subfield>
    <subfield code="8">b</subfield>
    <subfield code="a">m\xc3\xaame vid\xc3\xa9o que la vid\xc3\xa9o pr\xc3\xa9c\xc3\xa9dente mais en couleur, to be removed from CDS</subfield>
  </datafield>
  <datafield tag="650" ind1="2" ind2="7">
    <subfield code="9">CERN QA</subfield>
    <subfield code="8">a</subfield>
    <subfield code="a">Media</subfield>
  </datafield>
  <datafield tag="650" ind1="2" ind2="7">
    <subfield code="9">CERN QA</subfield>
    <subfield code="8">c</subfield>
    <subfield code="a">Media</subfield>
  </datafield>
  <datafield tag="650" ind1="2" ind2="7">
    <subfield code="9">CERN QA</subfield>
    <subfield code="8">b</subfield>
    <subfield code="a">Media</subfield>
  </datafield>
  <datafield tag="650" ind1="2" ind2="7">
    <subfield code="9">review Mar2021</subfield>
    <subfield code="a">Media</subfield>
  </datafield>
  <datafield tag="653" ind1="1" ind2=" ">
    <subfield code="9">CERN</subfield>
  </datafield>
  <datafield tag="653" ind1="1" ind2=" ">
    <subfield code="9">CERN QA</subfield>
    <subfield code="8">a</subfield>
    <subfield code="a">nucleaire, conference, emision </subfield>
  </datafield>
  <datafield tag="653" ind1="1" ind2=" ">
    <subfield code="9">CERN QA</subfield>
    <subfield code="8">c</subfield>
    <subfield code="a">nucleaire, conference, emision </subfield>
  </datafield>
  <datafield tag="653" ind1="1" ind2=" ">
    <subfield code="9">CERN QA</subfield>
    <subfield code="8">b</subfield>
    <subfield code="a">nucleaire, conference, emision </subfield>
  </datafield>
  <datafield tag="653" ind1="1" ind2=" ">
    <subfield code="9">review Mar2021</subfield>
    <subfield code="8">a</subfield>
    <subfield code="a">Nuclear Energy</subfield>
  </datafield>
  <datafield tag="653" ind1="1" ind2=" ">
    <subfield code="9">review Mar2021</subfield>
    <subfield code="8">a</subfield>
    <subfield code="a">nucleaire</subfield>
  </datafield>
  <datafield tag="653" ind1="1" ind2=" ">
    <subfield code="9">review Mar2021</subfield>
    <subfield code="8">a</subfield>
    <subfield code="a">conference</subfield>
  </datafield>
  <datafield tag="653" ind1="1" ind2=" ">
    <subfield code="9">review Mar2021</subfield>
    <subfield code="8">a</subfield>
    <subfield code="a">documentaire</subfield>
  </datafield>
  <datafield tag="690" ind1="C" ind2=" ">
    <subfield code="a">movingimages</subfield>
  </datafield>
  <datafield tag="690" ind1="C" ind2=" ">
    <subfield code="9">CERN QA</subfield>
    <subfield code="a">quality-controlled</subfield>
  </datafield>
  <datafield tag="852" ind1=" " ind2=" ">
    <subfield code="a">510-R005</subfield>
    <subfield code="c">CM-A00000001</subfield>
  </datafield>
  <datafield tag="852" ind1=" " ind2=" ">
    <subfield code="a">510-R-036</subfield>
    <subfield code="c">CM-A00000009</subfield>
    <subfield code="x">VHS</subfield>
  </datafield>
  <datafield tag="856" ind1="4" ind2=" ">
    <subfield code="2">EOS</subfield>
    <subfield code="q">MP4</subfield>
    <subfield code="u">https://cern.ch/digital-memory/media-archive/video/cern/mp4/2195845-a.mp4</subfield>
    <subfield code="s">1165677123</subfield>
    <subfield code="y">Video-2195845-a</subfield>
    <subfield code="z">mp4 video format (640x360)</subfield>
    <subfield code="w">(PICTURAE:MD5)ac_C1V1_2195845-a.mp4;4680a4f8d062d7bc49c9f64bcbee43b6</subfield>
    <subfield code="8">a</subfield>
  </datafield>
  <datafield tag="856" ind1="7" ind2=" ">
    <subfield code="2">EOS</subfield>
    <subfield code="q">MKV</subfield>
    <subfield code="d">/eos/media/cds/public/www/digital-memory/media-archive/video/cern/mkv/2195845-a.mkv</subfield>
    <subfield code="s">103756035440</subfield>
    <subfield code="w">(PICTURAE:MD5)pm_C1V1_2195845-a.mkv;9ecdad0fd8185fcb9bcd6a5ac3536f62</subfield>
    <subfield code="8">a</subfield>
  </datafield>
  <datafield tag="856" ind1="7" ind2=" ">
    <subfield code="2">EOS</subfield>
    <subfield code="q">MOV</subfield>
    <subfield code="d">/eos/media/cds/public/www/digital-memory/media-archive/video/cern/mov/2195845-a.mov</subfield>
    <subfield code="s">29229458522</subfield>
    <subfield code="w">(PICTURAE:MD5)am_C1V1_2195845-a.mov;14cdb4b34f5c15570ff772a3ab0a5706</subfield>
    <subfield code="8">a</subfield>
  </datafield>
  <datafield tag="856" ind1="4" ind2=" ">
    <subfield code="2">EOS</subfield>
    <subfield code="q">MP4</subfield>
    <subfield code="u">https://cern.ch/digital-memory/media-archive/video/cern/mp4/2195845-c.mp4</subfield>
    <subfield code="s">1162158796</subfield>
    <subfield code="y">Video-2195845-c</subfield>
    <subfield code="z">mp4 video format (640x360)</subfield>
    <subfield code="w">(PICTURAE:MD5)ac_C1V1_2195845-c.mp4;a1b0032803ea22cfc80330510b23b6ab</subfield>
    <subfield code="8">c</subfield>
  </datafield>
  <datafield tag="856" ind1="7" ind2=" ">
    <subfield code="2">EOS</subfield>
    <subfield code="q">MKV</subfield>
    <subfield code="d">/eos/media/cds/public/www/digital-memory/media-archive/video/cern/mkv/2195845-c.mkv</subfield>
    <subfield code="s">107431879373</subfield>
    <subfield code="w">(PICTURAE:MD5)pm_C1V1_2195845-c.mkv;50af59675419d69cba86fc6f3d9237d5</subfield>
    <subfield code="8">c</subfield>
  </datafield>
  <datafield tag="856" ind1="7" ind2=" ">
    <subfield code="2">EOS</subfield>
    <subfield code="q">MOV</subfield>
    <subfield code="d">/eos/media/cds/public/www/digital-memory/media-archive/video/cern/mov/2195845-c.mov</subfield>
    <subfield code="s">29249282782</subfield>
    <subfield code="w">(PICTURAE:MD5)am_C1V1_2195845-c.mov;2da0bf06cae858494bcbf6d96448a3fc</subfield>
    <subfield code="8">c</subfield>
  </datafield>
  <datafield tag="856" ind1="4" ind2=" ">
    <subfield code="2">EOS</subfield>
    <subfield code="q">MP4</subfield>
    <subfield code="u">https://cern.ch/digital-memory/media-archive/video/cern/mp4/2195845-b.mp4</subfield>
    <subfield code="s">1163523269</subfield>
    <subfield code="y">Video-2195845-b</subfield>
    <subfield code="z">mp4 video format (640x360)</subfield>
    <subfield code="w">(PICTURAE:MD5)ac_C1V1_2195845-b.mp4;08be1ee44efb0db102f7008017086da5</subfield>
    <subfield code="8">b</subfield>
  </datafield>
  <datafield tag="856" ind1="7" ind2=" ">
    <subfield code="2">EOS</subfield>
    <subfield code="q">MKV</subfield>
    <subfield code="d">/eos/media/cds/public/www/digital-memory/media-archive/video/cern/mkv/2195845-b.mkv</subfield>
    <subfield code="s">105272217174</subfield>
    <subfield code="w">(PICTURAE:MD5)pm_C1V1_2195845-b.mkv;a692d714ce49baa0a23666ad0ce65210</subfield>
    <subfield code="8">b</subfield>
  </datafield>
  <datafield tag="856" ind1="7" ind2=" ">
    <subfield code="2">EOS</subfield>
    <subfield code="q">MOV</subfield>
    <subfield code="d">/eos/media/cds/public/www/digital-memory/media-archive/video/cern/mov/2195845-b.mov</subfield>
    <subfield code="s">29359768895</subfield>
    <subfield code="w">(PICTURAE:MD5)am_C1V1_2195845-b.mov;42c0bc108dbfed6865c1e4520066d874</subfield>
    <subfield code="8">b</subfield>
  </datafield>
  <datafield tag="960" ind1=" " ind2=" ">
    <subfield code="a">85</subfield>
  </datafield>
  <datafield tag="960" ind1=" " ind2=" ">
    <subfield code="a">200</subfield>
  </datafield>
  <datafield tag="961" ind1=" " ind2=" ">
    <subfield code="a">Tom Barth\xc3\xa9l\xc3\xa9my</subfield>
    <subfield code="b">Curator</subfield>
    <subfield code="x">2021-03-01</subfield>
  </datafield>
  <datafield tag="963" ind1=" " ind2=" ">
    <subfield code="a">PUBLIC</subfield>
  </datafield>
  <datafield tag="963" ind1=" " ind2=" ">
    <subfield code="9">review
</subfield>
    <subfield code="a">RESTRICTED</subfield>
    <subfield code="8">a</subfield>
  </datafield>
  <datafield tag="980" ind1=" " ind2=" ">
    <subfield code="a">VIDEOARC</subfield>
  </datafield>
</record>